ts,close,volume,bid_price,bid_volume,ask_price,ask_volume,tick_type,datetime
1638349209344268000,18.9,184,18.85,5,18.9,35,2,2021-12-01 09:00:09
1638349209406391000,18.85,1,18.85,4,18.9,35,2,2021-12-01 09:00:09
1638349209432114000,18.85,4,18.8,10,18.9,35,2,2021-12-01 09:00:09
1638349210012893000,18.8,10,18.75,25,18.9,35,2,2021-12-01 09:00:10
1638349212880873000,18.75,21,18.75,5,18.85,5,2,2021-12-01 09:00:12
1638349212908014000,18.75,5,18.7,55,18.85,5,2,2021-12-01 09:00:12
1638349213724304000,18.7,3,18.7,52,18.85,5,2,2021-12-01 09:00:13
1638349213998097000,18.7,1,18.7,51,18.85,5,2,2021-12-01 09:00:13
1638349218608458000,18.7,6,18.7,45,18.8,1,2,2021-12-01 09:00:18
1638349219684639000,18.7,1,18.7,44,18.8,1,2,2021-12-01 09:00:19
1638349222577392000,18.7,9,18.7,35,18.75,3,2,2021-12-01 09:00:22
1638349222604436000,18.7,35,18.65,1,18.75,3,2,2021-12-01 09:00:22
1638349223370600000,18.7,1,18.65,1,18.7,4,2,2021-12-01 09:00:23
1638349223980915000,18.7,1,18.65,1,18.7,3,1,2021-12-01 09:00:23
1638349225172594000,18.65,1,18.6,46,18.7,3,2,2021-12-01 09:00:25
1638349227745316000,18.7,5,18.65,22,18.75,3,1,2021-12-01 09:00:27
1638349232299727000,18.7,1,18.65,23,18.7,4,1,2021-12-01 09:00:32
1638349232610087000,18.65,1,18.65,22,18.7,4,2,2021-12-01 09:00:32
1638349232660430000,18.7,1,18.65,22,18.7,3,1,2021-12-01 09:00:32
1638349233750014000,18.7,5,18.7,2,18.75,3,1,2021-12-01 09:00:33
1638349233925555000,18.7,2,18.65,22,18.7,20,2,2021-12-01 09:00:33
1638349235230073000,18.7,1,18.65,16,18.7,20,1,2021-12-01 09:00:35
1638349235275660000,18.7,1,18.65,16,18.7,19,1,2021-12-01 09:00:35
1638349236360680000,18.65,5,18.65,11,18.7,20,2,2021-12-01 09:00:36
1638349237566720000,18.65,2,18.65,9,18.7,20,2,2021-12-01 09:00:37
1638349243633539000,18.65,1,18.65,11,18.7,21,2,2021-12-01 09:00:43
1638349244048790000,18.65,11,18.6,5,18.7,21,2,2021-12-01 09:00:44
1638349244048790000,18.6,42,18.6,5,18.7,21,2,2021-12-01 09:00:44
1638349244108747000,18.6,6,18.55,11,18.7,21,2,2021-12-01 09:00:44
1638349245068339000,18.65,1,18.55,11,18.7,21,1,2021-12-01 09:00:45
1638349245330406000,18.65,1,18.55,11,18.7,21,2,2021-12-01 09:00:45
1638349246076802000,18.7,1,18.55,11,18.7,21,1,2021-12-01 09:00:46
1638349246479830000,18.55,1,18.55,10,18.7,21,2,2021-12-01 09:00:46
1638349246563788000,18.55,4,18.55,6,18.7,21,2,2021-12-01 09:00:46
1638349246673193000,18.55,4,18.55,2,18.6,6,2,2021-12-01 09:00:46
1638349246894994000,18.55,2,18.5,18,18.6,6,2,2021-12-01 09:00:46
1638349246894994000,18.5,2,18.5,18,18.6,6,2,2021-12-01 09:00:46
1638349247713110000,18.5,1,18.5,17,18.6,7,2,2021-12-01 09:00:47
1638349249197419000,18.5,5,18.5,16,18.6,7,2,2021-12-01 09:00:49
1638349250004416000,18.6,7,18.5,16,18.65,12,1,2021-12-01 09:00:50
1638349250004416000,18.65,3,18.5,16,18.65,12,1,2021-12-01 09:00:50
1638349251068155000,18.5,1,18.5,17,18.65,12,2,2021-12-01 09:00:51
1638349251253105000,18.65,10,18.5,17,18.65,2,1,2021-12-01 09:00:51
1638349255177983000,18.5,3,18.5,15,18.65,16,2,2021-12-01 09:00:55
1638349257081308000,18.6,1,18.5,15,18.6,5,1,2021-12-01 09:00:57
1638349259548472000,18.5,7,18.5,9,18.6,5,2,2021-12-01 09:00:59
1638349264747166000,18.5,2,18.5,7,18.55,1,2,2021-12-01 09:01:04
1638349265898093000,18.5,2,18.5,5,18.55,1,2,2021-12-01 09:01:05
1638349265931659000,18.5,4,18.45,1,18.55,1,2,2021-12-01 09:01:05
1638349265931840000,18.5,1,18.45,1,18.55,1,2,2021-12-01 09:01:05
1638349266041266000,18.55,3,18.45,1,18.6,1,1,2021-12-01 09:01:06
1638349266396670000,18.55,1,18.45,1,18.6,6,2,2021-12-01 09:01:06
1638349266793874000,18.5,2,18.45,1,18.5,3,2,2021-12-01 09:01:06
1638349268965233000,18.45,1,18.3,11,18.5,3,2,2021-12-01 09:01:08
1638349268965233000,18.4,22,18.3,11,18.5,3,2,2021-12-01 09:01:08
1638349268965233000,18.35,6,18.3,11,18.5,3,2,2021-12-01 09:01:08
1638349269351878000,18.45,1,18.3,11,18.5,3,1,2021-12-01 09:01:09
1638349269918682000,18.5,3,18.5,7,18.6,9,1,2021-12-01 09:01:09
1638349269959490000,18.5,7,18.35,1,18.6,9,2,2021-12-01 09:01:09
1638349270185206000,18.5,2,18.35,3,18.6,9,2,2021-12-01 09:01:10
1638349271966604000,18.5,3,18.3,10,18.6,9,2,2021-12-01 09:01:11
1638349271966604000,18.35,6,18.3,10,18.6,9,2,2021-12-01 09:01:11
1638349271966604000,18.3,1,18.3,10,18.6,9,2,2021-12-01 09:01:11
1638349272740755000,18.3,5,18.3,4,18.55,3,2,2021-12-01 09:01:12
1638349274566141000,18.55,3,18.55,7,18.6,13,1,2021-12-01 09:01:14
1638349274593802000,18.55,7,18.35,1,18.6,11,2,2021-12-01 09:01:14
1638349278387626000,18.35,1,18.35,6,18.5,14,2,2021-12-01 09:01:18
1638349279301889000,18.35,1,18.35,5,18.5,14,2,2021-12-01 09:01:19
1638349281191293000,18.5,1,18.35,6,18.5,13,1,2021-12-01 09:01:21
1638349281298732000,18.35,1,18.35,5,18.5,13,2,2021-12-01 09:01:21
1638349285404307000,18.4,1,18.4,9,18.5,13,1,2021-12-01 09:01:25
1638349286511719000,18.5,1,18.4,9,18.5,12,1,2021-12-01 09:01:26
1638349286754818000,18.5,12,18.4,9,18.6,11,1,2021-12-01 09:01:26
1638349288392615000,18.45,1,18.4,1,18.55,5,2,2021-12-01 09:01:28
1638349288392615000,18.4,9,18.4,1,18.55,5,2,2021-12-01 09:01:28
1638349292086196000,18.4,2,18.4,5,18.55,5,2,2021-12-01 09:01:32
1638349293425841000,18.5,1,18.4,2,18.55,6,1,2021-12-01 09:01:33
1638349293425841000,18.4,4,18.4,2,18.55,6,2,2021-12-01 09:01:33
1638349294084944000,18.4,1,18.4,1,18.55,10,2,2021-12-01 09:01:34
1638349306438354000,18.45,1,18.4,30,18.5,11,1,2021-12-01 09:01:46
1638349313536654000,18.5,1,18.4,31,18.5,13,1,2021-12-01 09:01:53
1638349317627889000,18.45,3,18.4,32,18.5,11,2,2021-12-01 09:01:57
1638349317627889000,18.4,2,18.4,32,18.5,11,2,2021-12-01 09:01:57
1638349326856049000,18.5,5,18.4,44,18.5,6,1,2021-12-01 09:02:06
1638349327524019000,18.4,2,18.4,44,18.5,6,2,2021-12-01 09:02:07
1638349332439840000,18.5,1,18.45,2,18.5,7,1,2021-12-01 09:02:12
1638349334966483000,18.5,3,18.45,2,18.5,4,1,2021-12-01 09:02:14
1638349336331808000,18.45,5,18.45,7,18.5,9,2,2021-12-01 09:02:16
1638349338316651000,18.5,2,18.45,12,18.5,7,1,2021-12-01 09:02:18
1638349342163141000,18.5,6,18.5,2,18.55,10,1,2021-12-01 09:02:22
1638349344178265000,18.5,2,18.45,13,18.55,10,2,2021-12-01 09:02:24
1638349354289916000,18.55,9,18.5,13,18.6,7,1,2021-12-01 09:02:34
1638349360783062000,18.55,3,18.5,24,18.6,9,1,2021-12-01 09:02:40
1638349365909051000,18.6,2,18.5,30,18.6,7,1,2021-12-01 09:02:45
1638349366246116000,18.6,7,18.5,30,18.65,14,1,2021-12-01 09:02:46
1638349366641194000,18.65,5,18.5,30,18.65,9,1,2021-12-01 09:02:46
1638349378082393000,18.65,2,18.55,5,18.65,10,1,2021-12-01 09:02:58
1638349385536071000,18.6,17,18.55,15,18.65,7,2,2021-12-01 09:03:05
1638349387930516000,18.65,10,18.55,15,18.7,6,1,2021-12-01 09:03:07
1638349390185603000,18.65,4,18.55,21,18.7,6,2,2021-12-01 09:03:10
1638349396510203000,18.65,1,18.6,8,18.65,2,1,2021-12-01 09:03:16
1638349396547989000,18.6,8,18.55,25,18.65,2,2,2021-12-01 09:03:16
1638349396548345000,18.65,2,18.55,25,18.7,7,1,2021-12-01 09:03:16
1638349400630553000,18.65,1,18.55,27,18.7,7,2,2021-12-01 09:03:20
1638349400630841000,18.65,1,18.55,27,18.7,7,2,2021-12-01 09:03:20
1638349401430418000,18.7,3,18.55,27,18.7,4,1,2021-12-01 09:03:21
1638349404194737000,18.6,1,18.55,28,18.7,4,2,2021-12-01 09:03:24
1638349411148663000,18.6,3,18.6,6,18.7,4,2,2021-12-01 09:03:31
1638349411187156000,18.6,3,18.6,3,18.7,4,2,2021-12-01 09:03:31
1638349411220170000,18.6,3,18.55,23,18.7,5,2,2021-12-01 09:03:31
1638349412183477000,18.65,1,18.55,21,18.7,5,1,2021-12-01 09:03:32
1638349412695519000,18.7,3,18.55,20,18.7,2,1,2021-12-01 09:03:32
1638349413121183000,18.6,1,18.55,20,18.7,1,2,2021-12-01 09:03:33
1638349414472985000,18.6,1,18.55,22,18.7,1,2,2021-12-01 09:03:34
1638349416213413000,18.6,2,18.55,22,18.7,2,2,2021-12-01 09:03:36
1638349424696172000,18.65,3,18.6,1,18.7,4,1,2021-12-01 09:03:44
1638349424733179000,18.6,1,18.55,30,18.7,4,2,2021-12-01 09:03:44
1638349425720138000,18.65,2,18.55,30,18.65,3,1,2021-12-01 09:03:45
1638349426033967000,18.65,5,18.55,30,18.65,1,1,2021-12-01 09:03:46
1638349426156053000,18.6,1,18.55,30,18.65,1,2,2021-12-01 09:03:46
1638349433615373000,18.6,8,18.55,30,18.65,4,2,2021-12-01 09:03:53
1638349433883447000,18.6,1,18.55,30,18.65,4,2,2021-12-01 09:03:53
1638349437949005000,18.65,1,18.55,30,18.65,3,1,2021-12-01 09:03:57
1638349444693993000,18.65,1,18.55,30,18.65,2,1,2021-12-01 09:04:04
1638349449906575000,18.65,2,18.65,1,18.7,4,1,2021-12-01 09:04:09
1638349449933368000,18.65,1,18.55,32,18.7,4,2,2021-12-01 09:04:09
1638349450570336000,18.6,1,18.55,32,18.7,4,2,2021-12-01 09:04:10
1638349450801356000,18.6,2,18.55,32,18.7,4,2,2021-12-01 09:04:10
1638349451598069000,18.6,1,18.55,32,18.7,4,2,2021-12-01 09:04:11
1638349453687937000,18.6,3,18.55,32,18.7,4,2,2021-12-01 09:04:13
1638349454274251000,18.6,2,18.55,32,18.7,4,1,2021-12-01 09:04:14
1638349457831612000,18.7,4,18.55,32,18.8,5,1,2021-12-01 09:04:17
1638349457831612000,18.75,1,18.55,32,18.8,5,1,2021-12-01 09:04:17
1638349465908841000,18.7,1,18.55,34,18.75,2,2,2021-12-01 09:04:25
1638349467438372000,18.6,2,18.6,1,18.75,4,2,2021-12-01 09:04:27
1638349468504182000,18.6,1,18.55,32,18.75,5,2,2021-12-01 09:04:28
1638349475031123000,18.6,4,18.55,29,18.75,5,2,2021-12-01 09:04:35
1638349486237931000,18.6,5,18.6,7,18.75,5,2,2021-12-01 09:04:46
1638349486280552000,18.6,7,18.55,34,18.75,5,2,2021-12-01 09:04:46
1638349486540083000,18.75,5,18.55,34,18.85,7,1,2021-12-01 09:04:46
1638349486540083000,18.8,6,18.55,34,18.85,7,1,2021-12-01 09:04:46
1638349486540083000,18.85,9,18.55,34,18.85,7,1,2021-12-01 09:04:46
1638349499230798000,18.85,1,18.65,4,18.85,4,1,2021-12-01 09:04:59
1638349504399586000,18.85,2,18.65,5,18.85,13,1,2021-12-01 09:05:04
1638349504480848000,18.85,1,18.65,5,18.85,12,1,2021-12-01 09:05:04
1638349506320099000,18.65,7,18.6,4,18.8,20,2,2021-12-01 09:05:06
1638349509668189000,18.7,1,18.6,5,18.8,22,1,2021-12-01 09:05:09
1638349514066733000,18.65,1,18.6,10,18.8,4,2,2021-12-01 09:05:14
1638349514066733000,18.75,6,18.6,10,18.8,4,1,2021-12-01 09:05:14
1638349514066733000,18.8,18,18.6,10,18.8,4,1,2021-12-01 09:05:14
1638349522619741000,18.7,1,18.6,12,18.8,12,2,2021-12-01 09:05:22
1638349531212800000,18.8,1,18.65,2,18.8,11,1,2021-12-01 09:05:31
1638349531243363000,18.65,2,18.6,26,18.8,11,2,2021-12-01 09:05:31
1638349531276971000,18.6,5,18.6,21,18.8,11,2,2021-12-01 09:05:31
1638349536277683000,18.65,3,18.6,20,18.8,12,1,2021-12-01 09:05:36
1638349539834982000,18.6,1,18.6,19,18.8,16,2,2021-12-01 09:05:39
1638349541472172000,18.6,5,18.6,14,18.65,1,2,2021-12-01 09:05:41
1638349541498508000,18.6,14,18.55,29,18.65,1,2,2021-12-01 09:05:41
1638349544179420000,18.55,23,18.5,60,18.65,1,2,2021-12-01 09:05:44
1638349544891457000,18.5,29,18.5,30,18.65,1,2,2021-12-01 09:05:44
1638349547024832000,18.5,10,18.5,20,18.65,4,2,2021-12-01 09:05:47
1638349548694413000,18.5,5,18.5,15,18.65,4,2,2021-12-01 09:05:48
1638349553748441000,18.5,15,18.45,14,18.65,13,2,2021-12-01 09:05:53
1638349553973124000,18.5,1,18.45,14,18.65,13,1,2021-12-01 09:05:53
1638349580214796000,18.5,5,18.5,13,18.6,2,2,2021-12-01 09:06:20
1638349593680651000,18.55,3,18.5,30,18.55,2,1,2021-12-01 09:06:33
1638349593716828000,18.55,2,18.5,30,18.6,16,1,2021-12-01 09:06:33
1638349602580227000,18.55,2,18.55,2,18.6,20,2,2021-12-01 09:06:42
1638349605072685000,18.55,1,18.55,2,18.6,20,2,2021-12-01 09:06:45
1638349615281683000,18.55,2,18.5,36,18.6,22,2,2021-12-01 09:06:55
1638349629474325000,18.55,1,18.5,38,18.6,24,2,2021-12-01 09:07:09
1638349630929063000,18.5,2,18.5,36,18.6,24,2,2021-12-01 09:07:10
1638349652415411000,18.55,2,18.55,7,18.6,26,1,2021-12-01 09:07:32
1638349662626675000,18.55,2,18.55,6,18.6,26,2,2021-12-01 09:07:42
1638349673543660000,18.55,3,18.55,19,18.6,24,2,2021-12-01 09:07:53
1638349675796879000,18.6,1,18.55,19,18.6,23,1,2021-12-01 09:07:55
1638349684561452000,18.6,10,18.55,20,18.6,13,1,2021-12-01 09:08:04
1638349684592304000,18.6,13,18.55,20,18.65,5,1,2021-12-01 09:08:04
1638349690465269000,18.6,1,18.55,22,18.6,5,1,2021-12-01 09:08:10
1638349690506984000,18.6,5,18.55,22,18.65,4,1,2021-12-01 09:08:10
1638349723641594000,18.6,16,18.55,30,18.7,6,2,2021-12-01 09:08:43
1638349732552371000,18.6,1,18.55,33,18.7,10,2,2021-12-01 09:08:52
1638349753926407000,18.6,5,18.55,44,18.7,21,2,2021-12-01 09:09:13
1638349773196722000,18.6,1,18.6,3,18.7,23,2,2021-12-01 09:09:33
1638349773225974000,18.6,3,18.55,46,18.7,23,2,2021-12-01 09:09:33
1638349773226691000,18.6,1,18.55,46,18.7,23,2,2021-12-01 09:09:33
1638349787629048000,18.6,2,18.55,46,18.6,9,2,2021-12-01 09:09:47
1638349789957990000,18.6,1,18.55,46,18.6,18,1,2021-12-01 09:09:49
1638349796693520000,18.6,1,18.55,46,18.6,17,1,2021-12-01 09:09:56
1638349799045755000,18.55,28,18.55,20,18.6,17,2,2021-12-01 09:09:59
1638349799076778000,18.55,20,18.5,124,18.6,17,2,2021-12-01 09:09:59
1638349799743185000,18.5,2,18.5,122,18.55,3,2,2021-12-01 09:09:59
1638349799795746000,18.5,24,18.5,98,18.55,3,2,2021-12-01 09:09:59
1638349804555905000,18.5,1,18.5,97,18.55,9,2,2021-12-01 09:10:04
1638349804614310000,18.5,24,18.5,73,18.55,9,2,2021-12-01 09:10:04
1638349807679434000,18.55,1,18.5,73,18.55,8,1,2021-12-01 09:10:07
1638349821472711000,18.5,1,18.5,72,18.55,21,2,2021-12-01 09:10:21
1638349821569969000,18.5,24,18.5,48,18.55,21,2,2021-12-01 09:10:21
1638349822220633000,18.5,2,18.5,46,18.55,21,2,2021-12-01 09:10:22
1638349830880416000,18.5,2,18.5,44,18.55,28,2,2021-12-01 09:10:30
1638349836845996000,18.55,10,18.5,43,18.55,18,1,2021-12-01 09:10:36
1638349844593270000,18.5,2,18.5,52,18.55,22,2,2021-12-01 09:10:44
1638349850955893000,18.5,1,18.5,51,18.55,31,2,2021-12-01 09:10:50
1638349851016637000,18.5,24,18.5,27,18.55,31,2,2021-12-01 09:10:51
1638349851049274000,18.5,3,18.5,24,18.55,31,2,2021-12-01 09:10:51
1638349851115468000,18.5,5,18.5,19,18.55,31,2,2021-12-01 09:10:51
1638349851129890000,18.5,2,18.5,17,18.55,31,2,2021-12-01 09:10:51
1638349851156433000,18.55,1,18.5,17,18.55,26,1,2021-12-01 09:10:51
1638349852575072000,18.5,1,18.5,19,18.55,26,2,2021-12-01 09:10:52
1638349854495950000,18.5,1,18.5,18,18.55,26,2,2021-12-01 09:10:54
1638349855465835000,18.5,2,18.5,16,18.55,26,2,2021-12-01 09:10:55
1638349855517437000,18.55,10,18.5,16,18.55,16,1,2021-12-01 09:10:55
1638349859162695000,18.55,1,18.5,16,18.55,21,1,2021-12-01 09:10:59
1638349867453141000,18.55,1,18.5,18,18.55,20,1,2021-12-01 09:11:07
1638349872493614000,18.5,5,18.5,14,18.55,17,2,2021-12-01 09:11:12
1638349893584765000,18.5,1,18.5,14,18.55,24,2,2021-12-01 09:11:33
1638349907007520000,18.55,19,18.5,19,18.6,12,1,2021-12-01 09:11:47
1638349907007520000,18.6,1,18.5,19,18.6,12,1,2021-12-01 09:11:47
1638349921525646000,18.6,1,18.55,8,18.6,10,1,2021-12-01 09:12:01
1638349937629752000,18.6,1,18.55,19,18.6,9,1,2021-12-01 09:12:17
1638349942747884000,18.6,5,18.55,19,18.6,3,1,2021-12-01 09:12:22
1638349958417249000,18.6,1,18.55,14,18.6,14,1,2021-12-01 09:12:38
1638349964097200000,18.55,2,18.55,12,18.6,15,2,2021-12-01 09:12:44
1638349980670959000,18.55,1,18.55,11,18.6,15,2,2021-12-01 09:13:00
1638349985427073000,18.55,1,18.55,10,18.6,15,2,2021-12-01 09:13:05
1638349985457274000,18.55,9,18.55,1,18.6,15,2,2021-12-01 09:13:05
1638349990403380000,18.55,1,18.5,63,18.6,19,2,2021-12-01 09:13:10
1638349992798049000,18.5,5,18.5,48,18.55,6,2,2021-12-01 09:13:12
1638350005075455000,18.5,3,18.5,49,18.55,8,2,2021-12-01 09:13:25
1638350006796183000,18.5,22,18.5,27,18.55,8,2,2021-12-01 09:13:26
1638350006858493000,18.5,24,18.5,3,18.55,12,2,2021-12-01 09:13:26
1638350006898241000,18.5,3,18.45,37,18.55,12,2,2021-12-01 09:13:26
1638350011379381000,18.55,12,18.55,8,18.6,21,1,2021-12-01 09:13:31
1638350011410770000,18.55,8,18.45,37,18.6,21,2,2021-12-01 09:13:31
1638350016229767000,18.45,1,18.45,36,18.6,28,2,2021-12-01 09:13:36
1638350024940126000,18.5,1,18.5,1,18.55,16,1,2021-12-01 09:13:44
1638350024985082000,18.5,1,18.45,39,18.55,16,2,2021-12-01 09:13:44
1638350050430193000,18.5,1,18.45,40,18.5,4,2,2021-12-01 09:14:10
1638350052134192000,18.45,2,18.45,48,18.5,11,2,2021-12-01 09:14:12
1638350052624597000,18.5,1,18.45,48,18.5,10,1,2021-12-01 09:14:12
1638350065098559000,18.45,2,18.45,46,18.5,15,2,2021-12-01 09:14:25
1638350067534420000,18.5,10,18.45,46,18.5,5,1,2021-12-01 09:14:27
1638350091377774000,18.5,5,18.45,53,18.5,12,1,2021-12-01 09:14:51
1638350092559391000,18.5,1,18.45,53,18.5,11,1,2021-12-01 09:14:52
1638350096025343000,18.5,1,18.45,53,18.5,10,1,2021-12-01 09:14:56
1638350099180487000,18.5,1,18.45,58,18.5,9,1,2021-12-01 09:14:59
1638350107687360000,18.5,2,18.45,60,18.5,17,1,2021-12-01 09:15:07
1638350107932832000,18.5,5,18.45,61,18.5,12,1,2021-12-01 09:15:07
1638350108638583000,18.5,1,18.45,61,18.5,14,1,2021-12-01 09:15:08
1638350110075202000,18.5,2,18.45,61,18.5,12,1,2021-12-01 09:15:10
1638350110903942000,18.5,3,18.45,61,18.5,9,1,2021-12-01 09:15:10
1638350112881109000,18.5,1,18.45,61,18.5,8,1,2021-12-01 09:15:12
1638350128834031000,18.5,1,18.45,71,18.5,10,1,2021-12-01 09:15:28
1638350130410815000,18.5,10,18.45,71,18.55,5,1,2021-12-01 09:15:30
1638350134002068000,18.5,1,18.5,9,18.55,5,2,2021-12-01 09:15:34
1638350154198827000,18.55,1,18.5,21,18.55,4,1,2021-12-01 09:15:54
1638350160289764000,18.5,3,18.5,18,18.6,10,2,2021-12-01 09:16:00
1638350166850650000,18.55,1,18.55,1,18.6,14,1,2021-12-01 09:16:06
1638350175083577000,18.55,1,18.5,22,18.55,1,2,2021-12-01 09:16:15
1638350175113565000,18.5,4,18.5,18,18.55,1,2,2021-12-01 09:16:15
1638350176939233000,18.55,1,18.5,18,18.55,2,1,2021-12-01 09:16:16
1638350188343323000,18.55,3,18.5,20,18.55,3,1,2021-12-01 09:16:28
1638350195442064000,18.55,3,18.5,30,18.6,11,1,2021-12-01 09:16:35
1638350235796081000,18.55,1,18.55,13,18.6,9,2,2021-12-01 09:17:15
1638350264803735000,18.6,1,18.55,21,18.6,8,1,2021-12-01 09:17:44
1638350264861810000,18.6,8,18.55,21,18.7,11,1,2021-12-01 09:17:44
1638350273122691000,18.6,1,18.6,8,18.7,9,2,2021-12-01 09:17:53
1638350289391843000,18.6,2,18.6,8,18.7,9,2,2021-12-01 09:18:09
1638350293223932000,18.6,4,18.6,4,18.7,14,2,2021-12-01 09:18:13
1638350319624005000,18.6,4,18.6,14,18.7,9,2,2021-12-01 09:18:39
1638350362153229000,18.65,1,18.65,1,18.7,9,1,2021-12-01 09:19:22
1638350362181354000,18.65,1,18.6,19,18.7,9,2,2021-12-01 09:19:22
1638350380609821000,18.7,2,18.65,3,18.7,7,1,2021-12-01 09:19:40
1638350389589718000,18.65,2,18.65,28,18.7,5,2,2021-12-01 09:19:49
1638350403778586000,18.7,5,18.7,5,18.75,19,1,2021-12-01 09:20:03
1638350415889331000,18.75,2,18.7,16,18.75,20,1,2021-12-01 09:20:15
1638350420691484000,18.75,5,18.7,16,18.75,15,1,2021-12-01 09:20:20
1638350425045443000,18.75,5,18.7,16,18.75,10,1,2021-12-01 09:20:25
1638350425769222000,18.75,1,18.7,16,18.75,9,1,2021-12-01 09:20:25
1638350427334409000,18.75,2,18.7,26,18.75,7,1,2021-12-01 09:20:27
1638350429925345000,18.75,1,18.7,26,18.75,6,1,2021-12-01 09:20:29
1638350430718320000,18.75,1,18.7,26,18.75,5,1,2021-12-01 09:20:30
1638350432317407000,18.75,5,18.75,5,18.8,13,1,2021-12-01 09:20:32
1638350443643019000,18.75,1,18.75,18,18.8,15,2,2021-12-01 09:20:43
1638350453822877000,18.75,1,18.75,22,18.8,15,2,2021-12-01 09:20:53
1638350454434483000,18.75,1,18.75,21,18.8,15,2,2021-12-01 09:20:54
1638350455589818000,18.75,1,18.75,20,18.8,15,2,2021-12-01 09:20:55
1638350455617088000,18.75,4,18.75,16,18.8,15,2,2021-12-01 09:20:55
1638350458067164000,18.8,5,18.75,31,18.8,12,1,2021-12-01 09:20:58
1638350458125096000,18.8,4,18.75,31,18.8,6,1,2021-12-01 09:20:58
1638350459801287000,18.8,6,18.9,22,18.95,4,1,2021-12-01 09:20:59
1638350459801287000,18.85,23,18.9,22,18.95,4,1,2021-12-01 09:20:59
1638350459801287000,18.9,49,18.9,22,18.95,4,1,2021-12-01 09:20:59
1638350459892616000,18.9,3,18.9,20,18.95,6,2,2021-12-01 09:20:59
1638350462224763000,18.9,20,18.8,1,18.95,13,2,2021-12-01 09:21:02
1638350464947153000,18.9,1,18.8,6,18.9,1,2,2021-12-01 09:21:04
1638350464991306000,18.8,2,18.8,4,18.9,3,2,2021-12-01 09:21:04
1638350471744243000,18.9,1,18.8,10,18.9,20,1,2021-12-01 09:21:11
1638350476810686000,18.9,5,18.8,13,18.9,11,1,2021-12-01 09:21:16
1638350477483891000,18.9,1,18.8,13,18.9,10,1,2021-12-01 09:21:17
1638350481756943000,18.9,5,18.8,13,18.9,5,1,2021-12-01 09:21:21
1638350481965765000,18.8,1,18.8,12,18.9,5,2,2021-12-01 09:21:21
1638350500576722000,18.8,2,18.8,11,18.85,6,2,2021-12-01 09:21:40
1638350500642383000,18.8,11,18.75,27,18.85,8,2,2021-12-01 09:21:40
1638350517206747000,18.8,2,18.75,27,18.8,10,1,2021-12-01 09:21:57
1638350525186366000,18.8,1,18.75,34,18.8,9,1,2021-12-01 09:22:05
1638350531925475000,18.8,1,18.75,35,18.8,9,1,2021-12-01 09:22:11
1638350543038139000,18.8,1,18.75,37,18.8,8,1,2021-12-01 09:22:23
1638350543220387000,18.8,5,18.75,37,18.8,3,1,2021-12-01 09:22:23
1638350551107136000,18.8,4,18.75,37,18.8,5,1,2021-12-01 09:22:31
1638350562732331000,18.75,24,18.75,13,18.8,38,2,2021-12-01 09:22:42
1638350562760392000,18.75,13,18.7,12,18.8,38,2,2021-12-01 09:22:42
1638350564642630000,18.8,1,18.7,12,18.8,38,1,2021-12-01 09:22:44
1638350571256403000,18.7,2,18.7,10,18.75,4,2,2021-12-01 09:22:51
1638350572179992000,18.75,4,18.7,10,18.75,4,1,2021-12-01 09:22:52
1638350588349178000,18.7,12,18.65,24,18.75,9,2,2021-12-01 09:23:08
1638350593815188000,18.65,1,18.65,23,18.7,4,2,2021-12-01 09:23:13
1638350594473420000,18.7,1,18.65,23,18.7,3,1,2021-12-01 09:23:14
1638350601562522000,18.7,1,18.65,23,18.7,2,1,2021-12-01 09:23:21
1638350606370550000,18.7,1,18.65,23,18.7,4,1,2021-12-01 09:23:26
1638350623643097000,18.65,1,18.65,24,18.7,5,2,2021-12-01 09:23:43
1638350623915503000,18.65,11,18.65,13,18.7,4,2,2021-12-01 09:23:43
1638350623952628000,18.65,2,18.65,11,18.7,8,2,2021-12-01 09:23:43
1638350624046419000,18.65,3,18.65,8,18.7,5,2,2021-12-01 09:23:44
1638350692299558000,18.65,22,18.6,39,18.7,10,2,2021-12-01 09:24:52
1638350707051414000,18.65,1,18.6,40,18.65,1,2,2021-12-01 09:25:07
1638350708720556000,18.65,1,18.65,29,18.7,10,1,2021-12-01 09:25:08
1638350711057646000,18.7,1,18.65,29,18.7,9,1,2021-12-01 09:25:11
1638350740757199000,18.7,1,18.65,29,18.7,8,1,2021-12-01 09:25:40
1638350741837044000,18.65,1,18.65,28,18.7,9,2,2021-12-01 09:25:41
1638350744798149000,18.65,6,18.65,22,18.7,9,2,2021-12-01 09:25:44
1638350744830973000,18.65,1,18.65,21,18.7,9,2,2021-12-01 09:25:44
1638350758167661000,18.7,2,18.65,30,18.7,8,1,2021-12-01 09:25:58
1638350765204203000,18.7,1,18.65,30,18.7,8,1,2021-12-01 09:26:05
1638350784921308000,18.7,9,18.65,23,18.7,1,1,2021-12-01 09:26:24
1638350785667769000,18.65,1,18.65,22,18.7,1,2,2021-12-01 09:26:25
1638350823641268000,18.7,1,18.7,10,18.75,8,1,2021-12-01 09:27:03
1638350824164792000,18.7,1,18.7,9,18.75,8,2,2021-12-01 09:27:04
1638350824184132000,18.7,9,18.65,28,18.75,8,2,2021-12-01 09:27:04
1638350834284005000,18.65,1,18.65,27,18.75,12,2,2021-12-01 09:27:14
1638350867154805000,18.65,1,18.65,24,18.7,16,2,2021-12-01 09:27:47
1638350870378223000,18.65,1,18.65,23,18.7,15,2,2021-12-01 09:27:50
1638350872379356000,18.65,3,18.65,20,18.7,15,2,2021-12-01 09:27:52
1638350880042475000,18.65,2,18.65,18,18.7,15,2,2021-12-01 09:28:00
1638350889474187000,18.65,1,18.65,17,18.7,15,2,2021-12-01 09:28:09
1638350895673494000,18.65,1,18.65,16,18.7,18,2,2021-12-01 09:28:15
1638350895710013000,18.65,16,18.6,36,18.7,18,2,2021-12-01 09:28:15
1638350895748515000,18.6,2,18.6,34,18.7,18,2,2021-12-01 09:28:15
1638350908118197000,18.6,1,18.6,33,18.65,6,2,2021-12-01 09:28:28
1638350935069580000,18.6,3,18.6,30,18.65,6,2,2021-12-01 09:28:55
1638350979395273000,18.6,2,18.6,30,18.65,4,2,2021-12-01 09:29:39
1638350979482484000,18.65,1,18.6,30,18.65,3,1,2021-12-01 09:29:39
1638350986893764000,18.6,1,18.6,29,18.65,3,2,2021-12-01 09:29:46
1638350995019550000,18.6,29,18.55,27,18.6,3,2,2021-12-01 09:29:55
1638351033029991000,18.6,3,18.55,33,18.65,5,1,2021-12-01 09:30:33
1638351037946852000,18.65,5,18.6,1,18.7,6,1,2021-12-01 09:30:37
1638351060266195000,18.7,5,18.65,9,18.75,2,1,2021-12-01 09:31:00
1638351060331836000,18.75,2,18.65,11,18.8,37,1,2021-12-01 09:31:00
1638351065397507000,18.65,2,18.65,9,18.8,35,2,2021-12-01 09:31:05
1638351129350813000,18.7,1,18.65,7,18.75,5,1,2021-12-01 09:32:09
1638351135289064000,18.75,5,18.65,7,18.8,35,1,2021-12-01 09:32:15
1638351154235737000,18.7,5,18.7,6,18.8,35,2,2021-12-01 09:32:34
1638351184911727000,18.75,3,18.75,3,18.8,35,1,2021-12-01 09:33:04
1638351201968407000,18.8,35,18.75,20,18.85,3,1,2021-12-01 09:33:21
1638351202362379000,18.85,1,18.75,29,18.9,7,1,2021-12-01 09:33:22
1638351228826585000,18.9,2,18.8,4,18.9,4,1,2021-12-01 09:33:48
1638351228864148000,18.9,3,18.8,6,18.95,14,1,2021-12-01 09:33:48
1638351231582050000,18.85,1,18.85,4,18.95,12,2,2021-12-01 09:33:51
1638351250230583000,18.85,1,18.85,17,18.95,14,2,2021-12-01 09:34:10
1638351274068267000,18.9,2,18.85,12,18.95,5,1,2021-12-01 09:34:34
1638351274068267000,18.95,8,18.85,12,18.95,5,1,2021-12-01 09:34:34
1638351274256442000,18.95,6,18.85,14,19.0,51,1,2021-12-01 09:34:34
1638351274256442000,19.0,2,18.85,14,19.0,51,1,2021-12-01 09:34:34
1638351281278036000,19.0,1,18.9,8,19.0,51,1,2021-12-01 09:34:41
1638351281308749000,19.0,4,18.9,10,19.0,47,1,2021-12-01 09:34:41
1638351287181806000,19.0,1,18.95,5,19.0,46,1,2021-12-01 09:34:47
1638351288950394000,19.0,2,18.95,7,19.0,43,1,2021-12-01 09:34:48
1638351288973526000,19.0,19,18.95,7,19.0,24,1,2021-12-01 09:34:48
1638351289011952000,19.0,13,18.95,7,19.0,11,1,2021-12-01 09:34:49
1638351289012203000,19.0,11,18.95,7,19.05,9,1,2021-12-01 09:34:49
1638351300382190000,19.0,3,19.0,4,19.05,9,2,2021-12-01 09:35:00
1638351314955387000,19.05,5,19.0,19,19.05,4,1,2021-12-01 09:35:14
1638351314994936000,19.05,4,19.0,19,19.1,14,1,2021-12-01 09:35:14
1638351320791898000,19.1,2,19.05,3,19.1,12,1,2021-12-01 09:35:20
1638351329015323000,19.1,1,19.05,4,19.1,11,1,2021-12-01 09:35:29
1638351334045927000,19.1,1,19.05,5,19.1,10,1,2021-12-01 09:35:34
1638351334468016000,19.1,5,19.05,5,19.1,5,1,2021-12-01 09:35:34
1638351334502254000,19.1,5,19.05,5,19.15,2,1,2021-12-01 09:35:34
1638351335883887000,19.15,2,19.05,5,19.15,2,1,2021-12-01 09:35:35
1638351339493475000,19.15,2,19.05,7,19.2,14,1,2021-12-01 09:35:39
1638351341206088000,19.15,1,19.1,2,19.2,14,2,2021-12-01 09:35:41
1638351343118948000,19.2,6,19.15,3,19.2,8,1,2021-12-01 09:35:43
1638351343152687000,19.15,3,19.1,2,19.2,8,2,2021-12-01 09:35:43
1638351343185566000,19.1,2,19.05,8,19.2,8,2,2021-12-01 09:35:43
1638351345397749000,19.2,1,19.05,18,19.2,7,1,2021-12-01 09:35:45
1638351345418168000,19.05,13,19.05,5,19.2,7,2,2021-12-01 09:35:45
1638351346442248000,19.15,1,19.05,5,19.2,7,1,2021-12-01 09:35:46
1638351352704636000,19.05,5,19.0,34,19.05,2,2,2021-12-01 09:35:52
1638351353478382000,19.05,2,19.1,3,19.15,14,1,2021-12-01 09:35:53
1638351353512542000,19.1,3,19.0,29,19.15,14,1,2021-12-01 09:35:53
1638351361858506000,19.05,1,19.0,31,19.1,3,2,2021-12-01 09:36:01
1638351362325883000,19.0,2,19.0,29,19.1,8,2,2021-12-01 09:36:02
1638351362531527000,19.0,15,19.0,14,19.1,8,2,2021-12-01 09:36:02
1638351362565693000,19.0,14,18.95,2,19.1,8,2,2021-12-01 09:36:02
1638351365422701000,18.85,7,18.7,10,19.05,6,2,2021-12-01 09:36:05
1638351365422701000,18.8,3,18.7,10,19.05,6,2,2021-12-01 09:36:05
1638351367268908000,19.0,3,18.75,4,19.05,6,1,2021-12-01 09:36:07
1638351388763776000,19.0,2,18.9,1,19.0,19,1,2021-12-01 09:36:28
1638351390842907000,19.0,1,18.9,3,19.0,12,1,2021-12-01 09:36:30
1638351462549032000,18.9,14,18.8,14,19.0,14,2,2021-12-01 09:37:42
1638351462549032000,18.85,5,18.8,14,19.0,14,2,2021-12-01 09:37:42
1638351462549032000,18.8,4,18.8,14,19.0,14,2,2021-12-01 09:37:42
1638351500828914000,18.8,3,18.8,4,18.85,6,2,2021-12-01 09:38:20
1638351508779142000,18.8,2,18.8,3,18.95,7,2,2021-12-01 09:38:28
1638351511009975000,18.8,2,18.8,1,18.95,11,2,2021-12-01 09:38:31
1638351511039257000,18.8,1,18.75,2,18.95,11,2,2021-12-01 09:38:31
1638351513513859000,18.9,10,18.7,12,18.95,10,1,2021-12-01 09:38:33
1638351513513859000,18.95,1,18.7,12,18.95,10,1,2021-12-01 09:38:33
1638351536356762000,18.9,1,18.85,4,18.9,5,2,2021-12-01 09:38:56
1638351540878200000,18.9,1,18.85,4,18.9,4,1,2021-12-01 09:39:00
1638351549560727000,18.9,1,18.85,4,18.9,3,1,2021-12-01 09:39:09
1638351551304771000,18.9,3,18.9,2,18.95,10,1,2021-12-01 09:39:11
1638351591155680000,18.9,1,18.9,3,18.95,5,2,2021-12-01 09:39:51
1638351591197612000,18.9,3,18.85,6,18.95,5,2,2021-12-01 09:39:51
1638351612113985000,18.9,1,18.85,6,18.95,8,2,2021-12-01 09:40:12
1638351621481468000,18.9,1,18.85,6,18.95,8,2,2021-12-01 09:40:21
1638351621538977000,18.85,6,18.8,4,18.95,9,2,2021-12-01 09:40:21
1638351636794366000,18.8,1,18.8,3,18.9,14,2,2021-12-01 09:40:36
1638351675636629000,18.8,4,18.75,12,18.85,13,2,2021-12-01 09:41:15
1638351675728553000,18.75,2,18.75,8,18.85,16,2,2021-12-01 09:41:15
1638351675761241000,18.75,8,18.7,21,18.85,16,2,2021-12-01 09:41:15
1638351725090197000,18.75,5,18.75,1,18.8,5,2,2021-12-01 09:42:05
1638351738781932000,18.75,1,18.7,26,18.8,7,1,2021-12-01 09:42:18
1638351749785701000,18.75,1,18.7,27,18.8,9,1,2021-12-01 09:42:29
1638351767173478000,18.8,1,18.75,5,18.8,8,1,2021-12-01 09:42:47
1638351772509436000,18.8,2,18.75,5,18.8,6,1,2021-12-01 09:42:52
1638351777361971000,18.8,5,18.75,5,18.8,1,1,2021-12-01 09:42:57
1638351777392738000,18.8,1,18.75,5,18.85,4,1,2021-12-01 09:42:57
1638351789195640000,18.85,1,18.8,6,18.85,2,1,2021-12-01 09:43:09
1638351794458924000,18.85,2,18.8,6,18.9,11,1,2021-12-01 09:43:14
1638351874741149000,18.85,1,18.8,11,18.85,2,1,2021-12-01 09:44:34
1638351893028693000,18.8,10,18.8,2,18.9,11,2,2021-12-01 09:44:53
1638351897668413000,18.85,1,18.8,2,18.9,14,1,2021-12-01 09:44:57
1638351902120793000,18.85,2,18.8,2,18.9,14,2,2021-12-01 09:45:02
1638351903111672000,18.8,2,18.75,33,18.9,15,2,2021-12-01 09:45:03
1638351912333538000,18.8,3,18.75,13,18.9,15,2,2021-12-01 09:45:12
1638351923927273000,18.75,4,18.75,9,18.8,5,2,2021-12-01 09:45:23
1638351923951434000,18.75,9,18.7,17,18.8,5,2,2021-12-01 09:45:23
1638351997418983000,18.75,2,18.75,4,18.8,6,2,2021-12-01 09:46:37
1638352032796776000,18.75,1,18.75,4,18.8,3,2,2021-12-01 09:47:12
1638352060377851000,18.75,2,18.75,12,18.8,3,2,2021-12-01 09:47:40
1638352061621644000,18.75,6,18.75,6,18.8,9,2,2021-12-01 09:47:41
1638352061646123000,18.75,6,18.7,24,18.8,9,2,2021-12-01 09:47:41
1638352115752001000,18.75,1,18.75,10,18.8,5,2,2021-12-01 09:48:35
1638352144725016000,18.8,5,18.75,10,18.85,10,1,2021-12-01 09:49:04
1638352233127714000,18.85,4,18.85,6,18.9,15,1,2021-12-01 09:50:33
1638352358707150000,18.85,2,18.85,15,18.9,10,2,2021-12-01 09:52:38
1638352403393288000,18.9,10,18.85,16,18.95,5,1,2021-12-01 09:53:23
1638352408870993000,18.95,3,18.9,2,18.95,2,1,2021-12-01 09:53:28
1638352410871259000,18.95,1,18.9,2,18.95,1,1,2021-12-01 09:53:30
1638352413721723000,18.95,1,18.9,4,19.0,12,1,2021-12-01 09:53:33
1638352413721723000,19.0,1,18.9,4,19.0,12,1,2021-12-01 09:53:33
1638352425827717000,19.0,3,18.9,5,19.0,9,1,2021-12-01 09:53:45
1638352429024537000,19.0,5,18.9,5,19.0,4,1,2021-12-01 09:53:49
1638352434328392000,19.0,4,19.0,1,19.05,15,1,2021-12-01 09:53:54
1638352434360045000,19.0,1,18.9,6,19.05,15,2,2021-12-01 09:53:54
1638352436608845000,19.0,4,18.9,10,19.05,15,2,2021-12-01 09:53:56
1638352438824495000,19.0,1,18.9,10,19.05,15,2,2021-12-01 09:53:58
1638352441258682000,18.9,5,18.85,14,19.05,22,2,2021-12-01 09:54:01
1638352445002945000,18.85,14,18.8,12,19.05,22,2,2021-12-01 09:54:05
1638352450168212000,18.8,2,18.8,11,19.05,27,2,2021-12-01 09:54:10
1638352462618716000,18.8,1,18.8,9,19.0,19,2,2021-12-01 09:54:22
1638352493729374000,18.85,1,18.85,2,19.0,21,1,2021-12-01 09:54:53
1638352503999824000,19.0,3,18.85,2,19.0,18,1,2021-12-01 09:55:03
1638352513186002000,18.85,1,18.85,2,19.0,18,2,2021-12-01 09:55:13
1638352586980553000,18.9,2,18.9,3,18.95,7,1,2021-12-01 09:56:26
1638352587011368000,18.9,3,18.85,7,18.95,7,2,2021-12-01 09:56:27
1638352596024163000,18.85,1,18.85,8,18.95,10,2,2021-12-01 09:56:36
1638352644237183000,18.9,5,18.85,9,18.95,10,1,2021-12-01 09:57:24
1638352680672314000,18.85,2,18.85,7,18.95,8,2,2021-12-01 09:58:00
1638352701273579000,18.85,7,18.8,35,18.9,5,2,2021-12-01 09:58:21
1638352701685948000,18.8,3,18.8,32,18.9,11,2,2021-12-01 09:58:21
1638352701710639000,18.8,16,18.8,16,18.9,11,2,2021-12-01 09:58:21
1638352701738657000,18.8,13,18.8,3,18.9,11,2,2021-12-01 09:58:21
1638352701771697000,18.8,3,18.75,19,18.9,11,2,2021-12-01 09:58:21
1638352730147210000,18.8,2,18.75,20,18.9,11,2,2021-12-01 09:58:50
1638352824547021000,18.8,1,18.8,7,18.85,2,2,2021-12-01 10:00:24
1638352830163817000,18.85,3,18.8,7,18.9,9,1,2021-12-01 10:00:30
1638352849885956000,18.85,1,18.8,7,18.9,9,2,2021-12-01 10:00:49
1638352849921486000,18.8,1,18.8,6,18.9,9,2,2021-12-01 10:00:49
1638353019090308000,18.85,3,18.8,10,18.9,9,1,2021-12-01 10:03:39
1638353059703467000,18.9,1,18.8,10,18.9,8,1,2021-12-01 10:04:19
1638353118126866000,18.85,5,18.8,10,18.9,8,2,2021-12-01 10:05:18
1638353144855724000,18.85,2,18.8,10,18.9,9,2,2021-12-01 10:05:44
1638353166553964000,18.85,1,18.85,4,18.9,9,1,2021-12-01 10:06:06
1638353198052522000,18.85,2,18.85,2,18.9,8,2,2021-12-01 10:06:38
1638353205393096000,18.85,2,18.8,21,18.9,8,2,2021-12-01 10:06:45
1638353205393096000,18.8,1,18.8,21,18.9,8,2,2021-12-01 10:06:45
1638353315611512000,18.85,3,18.8,41,18.85,2,1,2021-12-01 10:08:35
1638353372085504000,18.85,1,18.8,43,18.85,7,1,2021-12-01 10:09:32
1638353417406362000,18.85,1,18.8,44,18.85,6,1,2021-12-01 10:10:17
1638353473442547000,18.85,1,18.8,44,18.85,5,1,2021-12-01 10:11:13
1638353496925856000,18.85,5,18.8,44,18.9,6,1,2021-12-01 10:11:36
1638353514141475000,18.85,1,18.85,3,18.9,6,2,2021-12-01 10:11:54
1638353521481062000,18.85,4,18.8,45,18.9,6,2,2021-12-01 10:12:01
1638353525366937000,18.9,5,18.8,45,18.9,1,1,2021-12-01 10:12:05
1638353542786707000,18.9,1,18.85,10,18.95,8,1,2021-12-01 10:12:22
1638353561897594000,18.95,5,18.9,10,18.95,2,1,2021-12-01 10:12:41
1638353572442979000,18.95,2,18.9,10,19.0,20,1,2021-12-01 10:12:52
1638353573416786000,18.95,1,18.95,9,19.0,17,2,2021-12-01 10:12:53
1638353573442736000,18.95,9,18.8,49,19.0,17,2,2021-12-01 10:12:53
1638353594247029000,18.95,1,18.85,6,19.0,24,2,2021-12-01 10:13:14
1638353605447514000,18.95,1,18.95,9,19.0,17,1,2021-12-01 10:13:25
1638353606217035000,19.0,1,18.95,9,19.0,16,1,2021-12-01 10:13:26
1638353620227648000,19.0,5,18.95,9,19.0,11,1,2021-12-01 10:13:40
1638353620264456000,19.0,4,18.95,9,19.0,7,1,2021-12-01 10:13:40
1638353630416880000,19.0,7,19.0,2,19.05,14,1,2021-12-01 10:13:50
1638353633572299000,19.05,5,19.0,2,19.05,7,1,2021-12-01 10:13:53
1638353633617080000,19.05,7,19.0,2,19.1,24,1,2021-12-01 10:13:53
1638353642381693000,19.1,5,19.0,8,19.1,31,1,2021-12-01 10:14:02
1638353647789482000,19.1,1,19.0,8,19.1,30,1,2021-12-01 10:14:07
1638353648986671000,19.1,2,19.0,6,19.1,28,1,2021-12-01 10:14:08
1638353649115198000,19.1,4,19.0,6,19.1,24,1,2021-12-01 10:14:09
1638353649147363000,19.1,16,19.0,7,19.1,8,1,2021-12-01 10:14:09
1638353649173920000,19.1,8,19.0,10,19.15,8,1,2021-12-01 10:14:09
1638353653331997000,19.1,5,19.05,3,19.15,8,2,2021-12-01 10:14:13
1638353654139968000,19.05,3,19.0,8,19.15,5,2,2021-12-01 10:14:14
1638353654139968000,19.0,2,19.0,8,19.15,5,2,2021-12-01 10:14:14
1638353661814708000,19.1,2,19.0,4,19.15,6,1,2021-12-01 10:14:21
1638353668925912000,19.1,1,19.0,5,19.15,6,1,2021-12-01 10:14:28
1638353672376321000,19.0,5,18.95,1,19.15,7,2,2021-12-01 10:14:32
1638353675029726000,18.95,6,18.9,8,19.15,7,2,2021-12-01 10:14:35
1638353677987179000,19.0,6,19.0,14,19.15,11,1,2021-12-01 10:14:37
1638353692718318000,19.0,5,19.0,9,19.1,6,2,2021-12-01 10:14:52
1638353724847547000,19.05,1,19.0,10,19.1,11,1,2021-12-01 10:15:24
1638353736671920000,19.05,1,19.05,9,19.1,11,1,2021-12-01 10:15:36
1638353758465191000,19.1,1,19.05,10,19.1,4,1,2021-12-01 10:15:58
1638353773535886000,19.1,1,19.05,9,19.1,6,1,2021-12-01 10:16:13
1638353786232761000,19.1,6,19.1,4,19.15,8,1,2021-12-01 10:16:26
1638353786277509000,19.1,4,19.05,9,19.15,7,2,2021-12-01 10:16:26
1638353795259870000,19.15,5,19.1,3,19.15,2,1,2021-12-01 10:16:35
1638353813025602000,19.1,3,19.05,9,19.15,33,2,2021-12-01 10:16:53
1638353819555844000,19.05,5,19.05,4,19.15,34,2,2021-12-01 10:16:59
1638353819578694000,19.05,4,19.0,13,19.15,34,2,2021-12-01 10:16:59
1638353823590803000,19.0,3,19.0,9,19.1,5,2,2021-12-01 10:17:03
1638353845787810000,19.05,1,19.05,4,19.1,13,1,2021-12-01 10:17:25
1638353845829683000,19.05,4,19.0,8,19.1,13,2,2021-12-01 10:17:25
1638353877353503000,19.0,19,18.95,6,19.0,1,2,2021-12-01 10:17:57
1638353880250449000,19.0,1,19.0,1,19.05,17,1,2021-12-01 10:18:00
1638353895030396000,19.0,1,18.95,6,19.05,17,2,2021-12-01 10:18:15
1638353901736231000,18.95,3,18.85,12,18.9,9,2,2021-12-01 10:18:21
1638353901736231000,18.9,18,18.85,12,18.9,9,2,2021-12-01 10:18:21
1638353901768279000,18.9,9,18.85,11,19.05,17,1,2021-12-01 10:18:21
1638353905306807000,19.05,9,18.85,12,19.05,13,1,2021-12-01 10:18:25
1638353923356460000,19.05,1,18.85,18,19.05,12,1,2021-12-01 10:18:43
1638353941945546000,18.95,4,18.85,9,19.05,12,2,2021-12-01 10:19:01
1638353941945546000,18.85,16,18.85,9,19.05,12,2,2021-12-01 10:19:01
1638353958927792000,18.9,1,18.85,5,19.05,14,1,2021-12-01 10:19:18
1638353988611015000,18.9,10,18.85,7,18.9,10,2,2021-12-01 10:19:48
1638353988637954000,18.9,10,18.85,9,19.0,4,1,2021-12-01 10:19:48
1638354026252272000,18.9,11,18.85,11,18.9,9,2,2021-12-01 10:20:26
1638354026286005000,18.9,9,18.85,11,18.95,7,1,2021-12-01 10:20:26
1638354048412240000,18.9,1,18.85,11,18.95,7,1,2021-12-01 10:20:48
1638354176378762000,18.9,3,18.85,12,18.9,7,2,2021-12-01 10:22:56
1638354186088356000,18.9,2,18.85,12,18.9,5,1,2021-12-01 10:23:06
1638354196871491000,18.9,5,18.85,14,18.95,7,1,2021-12-01 10:23:16
1638354254894126000,18.9,2,18.85,14,18.95,8,2,2021-12-01 10:24:14
1638354320209205000,18.9,1,18.85,15,18.95,11,2,2021-12-01 10:25:20
1638354354178809000,18.9,8,18.9,2,18.95,11,1,2021-12-01 10:25:54
1638354354210472000,18.9,2,18.85,15,18.95,11,2,2021-12-01 10:25:54
1638354356152094000,18.85,1,18.85,14,18.95,9,2,2021-12-01 10:25:56
1638354356174513000,18.85,13,18.85,1,18.95,9,2,2021-12-01 10:25:56
1638354356205285000,18.85,1,18.8,67,18.95,12,2,2021-12-01 10:25:56
1638354377888384000,18.85,1,18.8,65,18.95,12,1,2021-12-01 10:26:17
1638354437395248000,18.9,4,18.9,6,18.95,12,1,2021-12-01 10:27:17
1638354437416437000,18.9,6,18.85,2,18.95,11,2,2021-12-01 10:27:17
1638354441573025000,18.85,2,18.8,68,18.85,3,2,2021-12-01 10:27:21
1638354441848608000,18.85,3,18.8,67,18.95,8,1,2021-12-01 10:27:21
1638354448728051000,18.85,1,18.8,18,18.95,13,2,2021-12-01 10:27:28
1638354448728051000,18.8,49,18.8,18,18.95,13,2,2021-12-01 10:27:28
1638354448766233000,18.8,4,18.8,15,18.95,13,2,2021-12-01 10:27:28
1638354457912023000,18.8,5,18.8,10,18.9,9,2,2021-12-01 10:27:37
1638354489226414000,18.8,1,18.8,10,18.9,12,2,2021-12-01 10:28:09
1638354513069552000,18.8,1,18.8,9,18.9,12,2,2021-12-01 10:28:33
1638354520043965000,18.8,1,18.8,8,18.9,12,2,2021-12-01 10:28:40
1638354540038581000,18.8,1,18.8,8,18.9,12,2,2021-12-01 10:29:00
1638354543941561000,18.8,5,18.8,3,18.9,12,2,2021-12-01 10:29:03
1638354543962261000,18.8,3,18.75,25,18.9,12,2,2021-12-01 10:29:03
1638354594934973000,18.8,2,18.75,28,18.9,14,2,2021-12-01 10:29:54
1638354734091518000,18.8,1,18.8,13,18.85,6,2,2021-12-01 10:32:14
1638354787680297000,18.8,13,18.75,26,18.85,6,2,2021-12-01 10:33:07
1638354799708698000,18.75,14,18.75,12,18.85,13,2,2021-12-01 10:33:19
1638354799743157000,18.75,12,18.7,34,18.85,13,2,2021-12-01 10:33:19
1638354852569075000,18.8,1,18.7,32,18.8,3,1,2021-12-01 10:34:12
1638354871197364000,18.8,5,18.75,3,18.8,2,1,2021-12-01 10:34:31
1638354934712971000,18.8,1,18.75,6,18.8,5,1,2021-12-01 10:35:34
1638354970289116000,18.8,2,18.75,6,18.8,3,1,2021-12-01 10:36:10
1638355037871461000,18.75,7,18.7,31,18.8,12,2,2021-12-01 10:37:17
1638355037902081000,18.7,9,18.7,22,18.8,13,2,2021-12-01 10:37:17
1638355039329686000,18.7,1,18.7,21,18.8,13,2,2021-12-01 10:37:19
1638355070945728000,18.7,3,18.7,18,18.8,13,2,2021-12-01 10:37:50
1638355096518596000,18.7,17,18.65,22,18.8,11,2,2021-12-01 10:38:16
1638355096518596000,18.65,9,18.65,22,18.8,11,2,2021-12-01 10:38:16
1638355098681041000,18.65,2,18.65,20,18.8,12,2,2021-12-01 10:38:18
1638355106318906000,18.7,3,18.65,20,18.8,12,1,2021-12-01 10:38:26
1638355106807212000,18.65,4,18.65,16,18.8,12,2,2021-12-01 10:38:26
1638355108332659000,18.65,2,18.65,14,18.8,12,2,2021-12-01 10:38:28
1638355109737817000,18.65,7,18.65,7,18.8,12,2,2021-12-01 10:38:29
1638355110457042000,18.65,1,18.65,6,18.75,9,2,2021-12-01 10:38:30
1638355121182877000,18.65,3,18.65,5,18.75,9,2,2021-12-01 10:38:41
1638355129604540000,18.65,5,18.6,33,18.75,9,2,2021-12-01 10:38:49
1638355133112277000,18.6,1,18.6,32,18.75,9,2,2021-12-01 10:38:53
1638355141045013000,18.6,1,18.6,31,18.75,9,2,2021-12-01 10:39:01
1638355142696809000,18.6,2,18.6,29,18.75,9,2,2021-12-01 10:39:02
1638355177495776000,18.65,1,18.65,1,18.75,9,1,2021-12-01 10:39:37
1638355233306842000,18.65,2,18.6,36,18.65,1,2,2021-12-01 10:40:33
1638355233335365000,18.65,1,18.6,37,18.75,9,1,2021-12-01 10:40:33
1638355257601819000,18.7,2,18.6,41,18.75,12,1,2021-12-01 10:40:57
1638355264722262000,18.65,1,18.6,44,18.75,12,2,2021-12-01 10:41:04
1638355290244046000,18.7,2,18.7,4,18.75,17,1,2021-12-01 10:41:30
1638355290282381000,18.7,4,18.65,1,18.75,17,2,2021-12-01 10:41:30
1638355299581329000,18.75,3,18.65,1,18.75,14,1,2021-12-01 10:41:39
1638355355399708000,18.7,5,18.65,11,18.75,6,2,2021-12-01 10:42:35
1638355356403704000,18.75,1,18.65,11,18.75,8,1,2021-12-01 10:42:36
1638355392755422000,18.75,1,18.65,12,18.75,7,1,2021-12-01 10:43:12
1638355430050047000,18.75,2,18.65,18,18.75,4,1,2021-12-01 10:43:50
1638355525095557000,18.75,5,18.65,18,18.75,3,1,2021-12-01 10:45:25
1638355552923685000,18.75,1,18.65,18,18.75,1,1,2021-12-01 10:45:52
1638355599260381000,18.75,1,18.65,19,18.8,5,1,2021-12-01 10:46:39
1638355641183620000,18.7,2,18.65,25,18.8,4,2,2021-12-01 10:47:21
1638355651377899000,18.75,2,18.65,24,18.8,5,1,2021-12-01 10:47:31
1638355725385153000,18.7,1,18.7,3,18.75,5,2,2021-12-01 10:48:45
1638355725448930000,18.7,3,18.65,25,18.75,9,2,2021-12-01 10:48:45
1638355725478253000,18.65,23,18.65,2,18.75,10,2,2021-12-01 10:48:45
1638355725508742000,18.65,2,18.6,41,18.75,10,2,2021-12-01 10:48:45
1638355758934891000,18.6,1,18.6,32,18.75,30,2,2021-12-01 10:49:18
1638355845878988000,18.6,2,18.6,43,18.7,6,2,2021-12-01 10:50:45
1638355942230341000,18.6,1,18.6,47,18.7,9,2,2021-12-01 10:52:22
1638355945163196000,18.65,8,18.6,40,18.7,9,1,2021-12-01 10:52:25
1638355978949837000,18.65,1,18.6,46,18.7,9,1,2021-12-01 10:52:58
1638355991170540000,18.7,2,18.6,46,18.7,7,1,2021-12-01 10:53:11
1638356103834675000,18.7,8,18.7,2,18.75,30,1,2021-12-01 10:55:03
1638356103867073000,18.7,2,18.6,55,18.75,29,2,2021-12-01 10:55:03
1638356241093144000,18.75,5,18.7,7,18.8,7,1,2021-12-01 10:57:21
1638356267217619000,18.75,1,18.7,8,18.8,6,2,2021-12-01 10:57:47
1638356286391626000,18.75,3,18.7,8,18.8,6,2,2021-12-01 10:58:06
1638356350367729000,18.7,10,18.65,7,18.75,6,2,2021-12-01 10:59:10
1638356350428483000,18.65,7,18.6,45,18.75,11,2,2021-12-01 10:59:10
1638356355800749000,18.6,8,18.6,37,18.75,12,2,2021-12-01 10:59:15
1638356385263961000,18.6,20,18.6,17,18.65,10,2,2021-12-01 10:59:45
1638356434685721000,18.65,1,18.6,17,18.65,9,1,2021-12-01 11:00:34
1638356517756004000,18.65,1,18.6,18,18.65,12,1,2021-12-01 11:01:57
1638356530768856000,18.65,3,18.6,18,18.65,9,1,2021-12-01 11:02:10
1638356566199473000,18.6,10,18.6,8,18.65,10,2,2021-12-01 11:02:46
1638356691164640000,18.6,1,18.6,10,18.65,10,2,2021-12-01 11:04:51
1638356770275305000,18.65,6,18.6,37,18.65,4,1,2021-12-01 11:06:10
1638356773054968000,18.65,1,18.6,37,18.7,18,1,2021-12-01 11:06:13
1638356791589003000,18.65,1,18.65,2,18.7,19,2,2021-12-01 11:06:31
1638356791620520000,18.65,2,18.65,2,18.7,19,2,2021-12-01 11:06:31
1638356842950412000,18.65,3,18.65,10,18.7,19,2,2021-12-01 11:07:22
1638356922829916000,18.65,22,18.6,30,18.7,19,2,2021-12-01 11:08:42
1638356922829916000,18.6,4,18.6,30,18.7,19,2,2021-12-01 11:08:42
1638356940104258000,18.6,9,18.6,17,18.7,28,2,2021-12-01 11:09:00
1638356940467754000,18.65,3,18.6,17,18.7,28,1,2021-12-01 11:09:00
1638356963726339000,18.6,17,18.6,2,18.65,8,2,2021-12-01 11:09:23
1638356963759980000,18.6,2,18.55,44,18.65,8,2,2021-12-01 11:09:23
1638356963789193000,18.55,3,18.55,41,18.65,8,2,2021-12-01 11:09:23
1638356993890162000,18.55,28,18.55,12,18.65,9,2,2021-12-01 11:09:53
1638356993930475000,18.55,12,18.55,1,18.65,9,2,2021-12-01 11:09:53
1638357015422588000,18.55,3,18.5,98,18.65,9,2,2021-12-01 11:10:15
1638357045237725000,18.55,1,18.5,91,18.6,1,1,2021-12-01 11:10:45
1638357053554326000,18.55,1,18.5,91,18.55,1,1,2021-12-01 11:10:53
1638357060854193000,18.55,1,18.55,2,18.6,4,1,2021-12-01 11:11:00
1638357062794792000,18.55,2,18.5,89,18.6,4,2,2021-12-01 11:11:02
1638357067253164000,18.5,10,18.5,79,18.55,3,2,2021-12-01 11:11:07
1638357072312486000,18.5,26,18.5,53,18.55,3,2,2021-12-01 11:11:12
1638357078702965000,18.5,5,18.5,49,18.55,8,2,2021-12-01 11:11:18
1638357078720709000,18.5,1,18.5,48,18.55,8,2,2021-12-01 11:11:18
1638357082816287000,18.5,48,18.45,166,18.55,8,2,2021-12-01 11:11:22
1638357082816287000,18.45,6,18.45,166,18.55,8,2,2021-12-01 11:11:22
1638357083962524000,18.55,1,18.45,167,18.55,11,1,2021-12-01 11:11:23
1638357085658218000,18.55,5,18.45,167,18.55,6,1,2021-12-01 11:11:25
1638357087242610000,18.45,126,18.45,41,18.55,6,2,2021-12-01 11:11:27
1638357087271378000,18.45,41,18.4,230,18.55,6,2,2021-12-01 11:11:27
1638357103859153000,18.45,16,18.45,5,18.55,9,2,2021-12-01 11:11:43
1638357103880411000,18.45,5,18.4,172,18.55,9,2,2021-12-01 11:11:43
1638357124969203000,18.4,5,18.4,124,18.5,1,2,2021-12-01 11:12:04
1638357154259879000,18.45,1,18.45,19,18.5,5,1,2021-12-01 11:12:34
1638357158875289000,18.45,10,18.45,9,18.5,5,2,2021-12-01 11:12:38
1638357177275081000,18.45,1,18.45,20,18.5,5,2,2021-12-01 11:12:57
1638357189330805000,18.5,2,18.45,28,18.5,3,1,2021-12-01 11:13:09
1638357190100969000,18.45,2,18.45,26,18.5,3,2,2021-12-01 11:13:10
1638357198209038000,18.5,1,18.45,27,18.5,2,1,2021-12-01 11:13:18
1638357217957099000,18.55,1,18.45,33,18.55,11,1,2021-12-01 11:13:37
1638357229197319000,18.5,1,18.45,33,18.55,11,2,2021-12-01 11:13:49
1638357272864647000,18.5,1,18.5,1,18.65,20,2,2021-12-01 11:14:32
1638357383086235000,18.55,1,18.55,6,18.65,19,1,2021-12-01 11:16:23
1638357474594426000,18.55,9,18.5,18,18.6,5,2,2021-12-01 11:17:54
1638357478175110000,18.55,1,18.5,18,18.6,9,2,2021-12-01 11:17:58
1638357512936902000,18.55,1,18.55,3,18.6,5,2,2021-12-01 11:18:32
1638357544934814000,18.6,1,18.55,5,18.6,4,1,2021-12-01 11:19:04
1638357549173151000,18.55,5,18.5,20,18.6,4,2,2021-12-01 11:19:09
1638357555118505000,18.6,1,18.5,21,18.6,3,1,2021-12-01 11:19:15
1638357583086841000,18.6,3,18.55,1,18.65,10,1,2021-12-01 11:19:43
1638357749721284000,18.6,2,18.55,15,18.65,17,2,2021-12-01 11:22:29
1638357757530113000,18.55,1,18.55,14,18.65,17,2,2021-12-01 11:22:37
1638357853500153000,18.6,1,18.55,15,18.65,16,1,2021-12-01 11:24:13
1638357998203487000,18.6,2,18.55,18,18.65,7,1,2021-12-01 11:26:38
1638358114831367000,18.55,3,18.55,16,18.65,17,2,2021-12-01 11:28:34
1638358156094209000,18.55,13,18.55,2,18.6,11,2,2021-12-01 11:29:16
1638358156120330000,18.55,2,18.5,30,18.55,1,2,2021-12-01 11:29:16
1638358156120928000,18.55,1,18.5,30,18.55,1,2,2021-12-01 11:29:16
1638358166239927000,18.5,4,18.5,26,18.6,18,2,2021-12-01 11:29:26
1638358223703899000,18.5,10,18.5,16,18.55,3,2,2021-12-01 11:30:23
1638358237426799000,18.5,3,18.5,13,18.55,3,2,2021-12-01 11:30:37
1638358259468818000,18.55,1,18.5,10,18.55,2,1,2021-12-01 11:30:59
1638358264955333000,18.5,2,18.5,8,18.55,2,2,2021-12-01 11:31:04
1638358352247998000,18.55,2,18.5,11,18.6,10,1,2021-12-01 11:32:32
1638358352247998000,18.6,3,18.5,11,18.6,10,1,2021-12-01 11:32:32
1638358495315792000,18.6,8,18.55,3,18.65,14,1,2021-12-01 11:34:55
1638358529319343000,18.6,1,18.55,7,18.65,18,2,2021-12-01 11:35:29
1638358592815489000,18.65,1,18.55,7,18.65,17,1,2021-12-01 11:36:32
1638358605798228000,18.6,1,18.55,7,18.65,17,2,2021-12-01 11:36:45
1638358641447547000,18.55,7,18.5,25,18.65,18,2,2021-12-01 11:37:21
1638358901111353000,18.5,4,18.5,21,18.6,16,2,2021-12-01 11:41:41
1638358901139734000,18.5,9,18.5,12,18.6,16,2,2021-12-01 11:41:41
1638358935910369000,18.5,10,18.5,3,18.6,16,2,2021-12-01 11:42:15
1638358935928542000,18.5,3,18.45,56,18.6,16,2,2021-12-01 11:42:15
1638359000922037000,18.55,1,18.5,8,18.55,3,1,2021-12-01 11:43:20
1638359001475385000,18.5,1,18.5,7,18.6,12,2,2021-12-01 11:43:21
1638359016522472000,18.5,1,18.5,6,18.6,26,2,2021-12-01 11:43:36
1638359105568153000,18.6,2,18.5,14,18.6,24,1,2021-12-01 11:45:05
1638359304224259000,18.55,7,18.55,3,18.6,26,2,2021-12-01 11:48:24
1638359304259455000,18.55,3,18.5,25,18.6,26,2,2021-12-01 11:48:24
1638359346730509000,18.5,1,18.5,25,18.6,12,2,2021-12-01 11:49:06
1638359426821646000,18.55,1,18.5,23,18.55,7,1,2021-12-01 11:50:26
1638359516363897000,18.5,1,18.5,23,18.55,11,2,2021-12-01 11:51:56
1638359550504080000,18.5,1,18.5,22,18.55,11,2,2021-12-01 11:52:30
1638359572631288000,18.55,3,18.5,23,18.55,8,1,2021-12-01 11:52:52
1638359580762109000,18.55,1,18.5,23,18.55,6,1,2021-12-01 11:53:00
1638359599397512000,18.55,6,18.5,23,18.6,11,1,2021-12-01 11:53:19
1638359636478341000,18.6,6,18.55,3,18.6,5,1,2021-12-01 11:53:56
1638359667436248000,18.55,1,18.55,7,18.6,5,2,2021-12-01 11:54:27
1638359688683059000,18.6,5,18.55,7,18.65,13,1,2021-12-01 11:54:48
1638359793020100000,18.55,8,18.55,1,18.6,14,2,2021-12-01 11:56:33
1638359793040499000,18.55,1,18.5,23,18.6,14,2,2021-12-01 11:56:33
1638359806388244000,18.5,16,18.5,7,18.6,26,2,2021-12-01 11:56:46
1638359806418710000,18.5,7,18.45,49,18.6,26,2,2021-12-01 11:56:46
1638359845881324000,18.5,1,18.45,49,18.5,2,2,2021-12-01 11:57:25
1638359885144386000,18.45,21,18.45,28,18.5,13,2,2021-12-01 11:58:05
1638359986851106000,18.5,1,18.45,36,18.5,12,1,2021-12-01 11:59:46
1638359999743316000,18.5,7,18.45,36,18.5,5,1,2021-12-01 11:59:59
1638359999759488000,18.5,5,18.45,36,18.55,3,1,2021-12-01 11:59:59
1638360018315368000,18.5,1,18.45,36,18.5,4,1,2021-12-01 12:00:18
1638360037491096000,18.5,1,18.45,37,18.5,3,1,2021-12-01 12:00:37
1638360038322826000,18.5,1,18.45,36,18.5,2,1,2021-12-01 12:00:38
1638360039250538000,18.5,1,18.45,36,18.5,1,1,2021-12-01 12:00:39
1638360044846696000,18.5,1,18.45,36,18.55,12,1,2021-12-01 12:00:44
1638360064963819000,18.5,1,18.45,36,18.55,14,1,2021-12-01 12:01:04
1638360125238391000,18.5,1,18.5,2,18.55,15,2,2021-12-01 12:02:05
1638360148130303000,18.5,2,18.45,29,18.5,18,2,2021-12-01 12:02:28
1638360150530377000,18.45,1,18.45,28,18.5,22,2,2021-12-01 12:02:30
1638360174604551000,18.5,10,18.45,35,18.5,8,1,2021-12-01 12:02:54
1638360177498207000,18.5,8,18.45,35,18.55,6,1,2021-12-01 12:02:57
1638360229824211000,18.55,5,18.5,4,18.55,1,1,2021-12-01 12:03:49
1638360275530248000,18.55,1,18.5,2,18.6,28,2,2021-12-01 12:04:35
1638360362146421000,18.6,1,18.5,3,18.6,27,1,2021-12-01 12:06:02
1638360375918267000,18.6,10,18.5,8,18.6,15,1,2021-12-01 12:06:15
1638360393587582000,18.6,2,18.55,1,18.65,11,1,2021-12-01 12:06:33
1638360396299807000,18.6,1,18.55,1,18.65,23,2,2021-12-01 12:06:36
1638360399373834000,18.55,1,18.5,19,18.65,23,2,2021-12-01 12:06:39
1638360442830356000,18.55,1,18.5,20,18.65,23,2,2021-12-01 12:07:22
1638360456456362000,18.55,1,18.5,20,18.6,13,2,2021-12-01 12:07:36
1638360462989301000,18.55,1,18.5,20,18.55,2,2,2021-12-01 12:07:42
1638360487425487000,18.55,1,18.5,20,18.55,4,1,2021-12-01 12:08:07
1638360491710471000,18.55,1,18.5,20,18.55,3,1,2021-12-01 12:08:11
1638360499869583000,18.55,1,18.55,4,18.6,24,2,2021-12-01 12:08:19
1638360499912816000,18.55,4,18.5,19,18.6,24,2,2021-12-01 12:08:19
1638360499951721000,18.5,1,18.5,19,18.6,24,2,2021-12-01 12:08:19
1638360513412437000,18.55,5,18.5,18,18.6,24,1,2021-12-01 12:08:33
1638360516711164000,18.55,3,18.5,18,18.55,1,2,2021-12-01 12:08:36
1638360540163895000,18.55,2,18.5,18,18.55,2,1,2021-12-01 12:09:00
1638360611120095000,18.55,1,18.55,4,18.6,21,2,2021-12-01 12:10:11
1638360611160265000,18.55,4,18.5,23,18.6,21,2,2021-12-01 12:10:11
1638360724432966000,18.55,1,18.5,58,18.6,24,2,2021-12-01 12:12:04
1638360759250426000,18.6,23,18.55,150,18.65,11,1,2021-12-01 12:12:39
1638360777798331000,18.6,1,18.55,150,18.65,6,2,2021-12-01 12:12:57
1638360882626419000,18.65,7,18.65,143,18.7,11,1,2021-12-01 12:14:42
1638360899309679000,18.7,5,18.65,147,18.7,5,1,2021-12-01 12:14:59
1638360905547916000,18.7,2,18.65,149,18.7,3,1,2021-12-01 12:15:05
1638360936477482000,18.7,3,18.7,147,18.75,15,1,2021-12-01 12:15:36
1638360972563656000,18.7,1,18.7,152,18.75,19,2,2021-12-01 12:16:12
1638361030409146000,18.7,1,18.7,151,18.75,23,2,2021-12-01 12:17:10
1638361040335021000,18.75,1,18.7,151,18.75,26,1,2021-12-01 12:17:20
1638361079789939000,18.75,1,18.7,151,18.75,31,1,2021-12-01 12:17:59
1638361191801753000,18.75,1,18.7,157,18.75,31,1,2021-12-01 12:19:51
1638361203767280000,18.75,2,18.7,157,18.75,29,1,2021-12-01 12:20:03
1638361229908527000,18.75,1,18.7,157,18.75,38,1,2021-12-01 12:20:29
1638361241964168000,18.75,3,18.7,157,18.75,35,1,2021-12-01 12:20:41
1638361279489194000,18.75,1,18.7,156,18.75,35,1,2021-12-01 12:21:19
1638361424989147000,18.75,1,18.7,156,18.75,34,1,2021-12-01 12:23:44
1638361426227736000,18.75,1,18.7,156,18.75,33,1,2021-12-01 12:23:46
1638361491883671000,18.7,2,18.7,158,18.75,34,2,2021-12-01 12:24:51
1638361495630485000,18.7,1,18.7,157,18.75,34,2,2021-12-01 12:24:55
1638361495653583000,18.7,1,18.7,156,18.75,34,2,2021-12-01 12:24:55
1638361510102757000,18.7,3,18.7,153,18.75,34,2,2021-12-01 12:25:10
1638361568802517000,18.7,1,18.7,152,18.75,36,2,2021-12-01 12:26:08
1638361601856623000,18.7,1,18.7,151,18.75,35,2,2021-12-01 12:26:41
1638361610536982000,18.7,1,18.7,150,18.75,25,2,2021-12-01 12:26:50
1638361620904228000,18.7,10,18.7,140,18.75,25,2,2021-12-01 12:27:00
1638361666490715000,18.7,2,18.7,138,18.75,30,2,2021-12-01 12:27:46
1638361667905594000,18.7,2,18.7,136,18.75,30,2,2021-12-01 12:27:47
1638361669446601000,18.7,26,18.7,110,18.75,30,2,2021-12-01 12:27:49
1638361669475873000,18.7,24,18.7,86,18.75,35,2,2021-12-01 12:27:49
1638361669477688000,18.7,14,18.7,72,18.75,35,2,2021-12-01 12:27:49
1638361669508173000,18.7,13,18.7,36,18.75,35,2,2021-12-01 12:27:49
1638361669508448000,18.7,23,18.7,36,18.75,35,2,2021-12-01 12:27:49
1638361669521949000,18.7,14,18.7,22,18.75,35,2,2021-12-01 12:27:49
1638361669541077000,18.7,1,18.65,145,18.75,35,2,2021-12-01 12:27:49
1638361669541393000,18.7,21,18.65,145,18.75,35,2,2021-12-01 12:27:49
1638361693948638000,18.65,8,18.65,137,18.7,16,2,2021-12-01 12:28:13
1638361701937709000,18.65,1,18.65,135,18.7,17,2,2021-12-01 12:28:21
1638361732142377000,18.65,8,18.65,129,18.7,18,2,2021-12-01 12:28:52
1638361946642468000,18.7,5,18.65,132,18.7,5,1,2021-12-01 12:32:26
1638361946676138000,18.7,5,18.65,132,18.75,18,1,2021-12-01 12:32:26
1638361991624259000,18.7,1,18.7,8,18.75,17,2,2021-12-01 12:33:11
1638362037790220000,18.7,1,18.7,19,18.75,12,2,2021-12-01 12:33:57
1638362044076885000,18.75,1,18.7,19,18.75,11,1,2021-12-01 12:34:04
1638362071492991000,18.75,1,18.7,19,18.75,8,1,2021-12-01 12:34:31
1638362101572722000,18.75,3,18.7,17,18.75,5,1,2021-12-01 12:35:01
1638362123932068000,18.75,1,18.7,19,18.75,4,1,2021-12-01 12:35:23
1638362137511607000,18.75,4,18.75,1,18.8,23,1,2021-12-01 12:35:37
1638362138325895000,18.75,1,18.7,20,18.8,28,2,2021-12-01 12:35:38
1638362148576251000,18.75,1,18.75,1,18.8,28,2,2021-12-01 12:35:48
1638362149735133000,18.8,1,18.75,1,18.8,27,1,2021-12-01 12:35:49
1638362165231256000,18.75,5,18.7,17,18.8,27,2,2021-12-01 12:36:05
1638362210899017000,18.75,1,18.7,16,18.75,2,1,2021-12-01 12:36:50
1638362258453315000,18.75,1,18.7,16,18.75,1,1,2021-12-01 12:37:38
1638362300376397000,18.7,1,18.7,14,18.75,7,2,2021-12-01 12:38:20
1638362333023309000,18.7,1,18.7,12,18.75,1,2,2021-12-01 12:38:53
1638362520236756000,18.7,1,18.7,15,18.75,8,2,2021-12-01 12:42:00
1638362538074939000,18.7,2,18.7,13,18.75,8,2,2021-12-01 12:42:18
1638362571786616000,18.7,2,18.7,11,18.75,10,2,2021-12-01 12:42:51
1638362612558987000,18.75,1,18.7,12,18.75,11,1,2021-12-01 12:43:32
1638362625801776000,18.75,1,18.7,22,18.75,5,1,2021-12-01 12:43:45
1638362660889454000,18.75,3,18.7,24,18.75,2,1,2021-12-01 12:44:20
1638362672352928000,18.75,1,18.7,25,18.75,2,1,2021-12-01 12:44:32
1638362750721315000,18.75,1,18.7,26,18.75,3,1,2021-12-01 12:45:50
1638362778389624000,18.75,3,18.7,26,18.75,9,1,2021-12-01 12:46:18
1638362778689976000,18.75,7,18.7,26,18.75,2,1,2021-12-01 12:46:18
1638362788308199000,18.75,2,18.7,26,18.8,40,1,2021-12-01 12:46:28
1638362886139918000,18.75,1,18.75,13,18.8,35,2,2021-12-01 12:48:06
1638362893130855000,18.75,14,18.7,24,18.75,1,2,2021-12-01 12:48:13
1638362912600775000,18.75,1,18.7,23,18.8,35,1,2021-12-01 12:48:32
1638362979142000000,18.75,2,18.7,23,18.75,9,1,2021-12-01 12:49:39
1638362985026336000,18.75,1,18.7,23,18.75,8,1,2021-12-01 12:49:45
1638363169332836000,18.75,2,18.7,55,18.75,15,1,2021-12-01 12:52:49
1638363169488778000,18.75,13,18.7,55,18.75,2,1,2021-12-01 12:52:49
1638363169518649000,18.75,2,18.7,55,18.8,39,1,2021-12-01 12:52:49
1638363175274598000,18.75,1,18.7,61,18.8,35,2,2021-12-01 12:52:55
1638363207711074000,18.8,1,18.75,3,18.8,34,1,2021-12-01 12:53:27
1638363265346404000,18.8,4,18.75,6,18.8,30,1,2021-12-01 12:54:25
1638363288986913000,18.8,1,18.75,7,18.8,29,1,2021-12-01 12:54:48
1638363324779013000,18.8,10,18.75,6,18.8,19,1,2021-12-01 12:55:24
1638363333037618000,18.8,10,18.75,6,18.8,9,1,2021-12-01 12:55:33
1638363335289381000,18.8,2,18.75,6,18.8,7,1,2021-12-01 12:55:35
1638363348549901000,18.8,2,18.75,6,18.8,5,1,2021-12-01 12:55:48
1638363403103970000,18.8,2,18.75,6,18.8,3,1,2021-12-01 12:56:43
1638363410675719000,18.8,3,18.8,7,18.85,25,1,2021-12-01 12:56:50
1638363421445123000,18.8,1,18.8,6,18.85,25,2,2021-12-01 12:57:01
1638363421589350000,18.8,6,18.75,8,18.8,4,2,2021-12-01 12:57:01
1638363494353071000,18.75,1,18.75,5,18.8,42,2,2021-12-01 12:58:14
1638363512412228000,18.75,5,18.7,57,18.75,25,2,2021-12-01 12:58:32
1638363539394916000,18.7,50,18.7,2,18.75,25,2,2021-12-01 12:58:59
1638363555040530000,18.7,2,18.65,150,18.7,8,2,2021-12-01 12:59:15
1638363583634629000,18.65,1,18.65,148,18.7,22,2,2021-12-01 12:59:43
1638363594455391000,18.65,1,18.65,147,18.7,23,2,2021-12-01 12:59:54
1638363596457270000,18.65,2,18.65,145,18.7,21,2,2021-12-01 12:59:56
1638363633220334000,18.65,30,18.65,123,18.7,21,2,2021-12-01 13:00:33
1638363634205970000,18.7,3,18.65,123,18.7,20,1,2021-12-01 13:00:34
1638363637220536000,18.7,2,18.65,123,18.7,18,1,2021-12-01 13:00:37
1638363674121016000,18.65,10,18.65,113,18.7,26,2,2021-12-01 13:01:14
1638363675417926000,18.7,2,18.65,113,18.7,26,1,2021-12-01 13:01:15
1638363737487609000,18.65,1,18.65,114,18.7,26,2,2021-12-01 13:02:17
1638363785726969000,18.7,1,18.65,114,18.7,26,1,2021-12-01 13:03:05
1638363810201810000,18.7,1,18.65,114,18.7,28,1,2021-12-01 13:03:30
1638363815636419000,18.7,1,18.65,114,18.7,27,1,2021-12-01 13:03:35
1638363833243847000,18.7,5,18.65,114,18.7,22,1,2021-12-01 13:03:53
1638363835392032000,18.7,3,18.65,114,18.7,19,1,2021-12-01 13:03:55
1638363839011511000,18.7,16,18.65,114,18.7,3,1,2021-12-01 13:03:59
1638363839101276000,18.7,3,18.65,114,18.75,29,1,2021-12-01 13:03:59
1638363959510109000,18.7,10,18.7,6,18.8,14,2,2021-12-01 13:05:59
1638363973209946000,18.7,5,18.7,1,18.8,18,2,2021-12-01 13:06:13
1638364026772866000,18.7,3,18.7,1,18.75,12,2,2021-12-01 13:07:06
1638364035423231000,18.7,4,18.65,116,18.7,1,2,2021-12-01 13:07:15
1638364059004054000,18.7,1,18.65,114,18.75,14,1,2021-12-01 13:07:39
1638364114948695000,18.7,2,18.65,116,18.7,4,1,2021-12-01 13:08:34
1638364135055786000,18.7,1,18.65,116,18.7,4,1,2021-12-01 13:08:55
1638364135157167000,18.7,2,18.65,116,18.7,2,1,2021-12-01 13:08:55
1638364135190756000,18.7,2,18.65,116,18.75,14,1,2021-12-01 13:08:55
1638364218605633000,18.7,1,18.7,3,18.75,22,2,2021-12-01 13:10:18
1638364251994701000,18.7,4,18.65,118,18.75,22,2,2021-12-01 13:10:51
1638364306866782000,18.7,6,18.7,4,18.75,22,1,2021-12-01 13:11:46
1638364324640791000,18.7,1,18.7,3,18.75,22,2,2021-12-01 13:12:04
1638364355856090000,18.7,5,18.65,118,18.75,22,2,2021-12-01 13:12:35
1638364366305436000,18.7,2,18.65,116,18.75,22,1,2021-12-01 13:12:46
1638364390277827000,18.7,1,18.65,116,18.75,22,1,2021-12-01 13:13:10
1638364474604839000,18.7,1,18.7,2,18.75,23,2,2021-12-01 13:14:34
1638364479942784000,18.7,1,18.7,11,18.75,22,2,2021-12-01 13:14:39
1638364490487742000,18.7,5,18.7,10,18.75,22,2,2021-12-01 13:14:50
1638364494870080000,18.7,10,18.65,118,18.75,22,2,2021-12-01 13:14:54
1638364513406215000,18.65,1,18.65,119,18.7,1,2,2021-12-01 13:15:13
1638364539328833000,18.7,1,18.65,121,18.7,1,1,2021-12-01 13:15:39
1638364611449989000,18.7,5,18.65,119,18.7,27,1,2021-12-01 13:16:51
1638364611752552000,18.7,8,18.65,119,18.7,19,1,2021-12-01 13:16:51
1638364613055661000,18.7,3,18.65,120,18.7,16,1,2021-12-01 13:16:53
1638364670255082000,18.65,1,18.65,117,18.7,17,2,2021-12-01 13:17:50
1638364701635112000,18.65,3,18.65,120,18.7,18,2,2021-12-01 13:18:21
1638364706709464000,18.7,2,18.65,118,18.7,16,1,2021-12-01 13:18:26
1638364715856780000,18.65,2,18.65,113,18.7,17,2,2021-12-01 13:18:35
1638364724358054000,18.65,1,18.65,113,18.7,16,2,2021-12-01 13:18:44
1638364776715628000,18.65,2,18.65,116,18.7,14,2,2021-12-01 13:19:36
1638364777852269000,18.7,2,18.65,116,18.7,12,1,2021-12-01 13:19:37
1638364781801029000,18.65,2,18.65,114,18.7,12,2,2021-12-01 13:19:41
1638364801129025000,18.65,1,18.65,115,18.7,16,2,2021-12-01 13:20:01
1638364803406419000,18.65,4,18.65,111,18.7,16,2,2021-12-01 13:20:03
1638364813167831000,18.7,1,18.65,116,18.7,15,1,2021-12-01 13:20:13
1638364816544116000,18.7,10,18.65,116,18.7,5,1,2021-12-01 13:20:16
1638364819039307000,18.7,2,18.65,116,18.7,3,1,2021-12-01 13:20:19
1638364821054518000,18.7,2,18.65,116,18.7,1,1,2021-12-01 13:20:21
1638364825815566000,18.65,15,18.65,101,18.7,1,2,2021-12-01 13:20:25
1638364826080406000,18.7,1,18.65,101,18.75,12,1,2021-12-01 13:20:26
1638364831985756000,18.7,1,18.65,101,18.75,12,2,2021-12-01 13:20:31
1638364834399209000,18.7,8,18.65,89,18.75,12,2,2021-12-01 13:20:34
1638364834399209000,18.65,12,18.65,89,18.75,12,2,2021-12-01 13:20:34
1638364863969773000,18.7,1,18.65,87,18.75,15,1,2021-12-01 13:21:03
1638364889486598000,18.65,3,18.65,91,18.7,1,2,2021-12-01 13:21:29
1638364892438976000,18.65,2,18.65,89,18.7,1,2,2021-12-01 13:21:32
1638364897095228000,18.7,1,18.65,89,18.75,16,1,2021-12-01 13:21:37
1638364907852648000,18.7,5,18.65,82,18.7,3,2,2021-12-01 13:21:47
1638364917434012000,18.7,2,18.65,83,18.7,1,1,2021-12-01 13:21:57
1638364919160046000,18.7,1,18.65,83,18.75,12,1,2021-12-01 13:21:59
1638364921675326000,18.75,1,18.65,83,18.75,15,1,2021-12-01 13:22:01
1638364927995624000,18.7,5,18.65,83,18.7,5,2,2021-12-01 13:22:07
1638364929288402000,18.7,2,18.65,83,18.7,3,1,2021-12-01 13:22:09
1638364947840803000,18.7,1,18.65,85,18.7,3,1,2021-12-01 13:22:27
1638364947866067000,18.7,3,18.7,2,18.75,11,1,2021-12-01 13:22:27
1638364949098705000,18.7,2,18.65,85,18.7,3,2,2021-12-01 13:22:29
1638364975649833000,18.7,2,18.65,90,18.7,6,1,2021-12-01 13:22:55
1638364976509294000,18.7,3,18.65,90,18.7,3,1,2021-12-01 13:22:56
1638365010793869000,18.65,2,18.65,88,18.7,6,2,2021-12-01 13:23:30
1638365023080864000,18.7,1,18.65,85,18.7,5,1,2021-12-01 13:23:43
1638365053749933000,18.7,1,18.65,90,18.7,16,1,2021-12-01 13:24:13
1638365090348248000,18.7,1,18.65,89,18.7,19,1,2021-12-01 13:24:50
1638365092790368000,18.7,1,18.65,89,18.7,18,1,2021-12-01 13:24:52
1638365098713413000,18.65,1,18.65,87,18.7,18,2,2021-12-01 13:24:58
1638365400000000000,18.7,214,18.7,58,18.75,8,1,2021-12-01 13:30:00
