ts,close,volume,bid_price,bid_volume,ask_price,ask_volume,tick_type,datetime
1638349218826637000,22.5,785,22.45,7,22.5,46,1,2021-12-01 09:00:18
1638349219153765000,22.45,1,22.45,6,22.5,71,2,2021-12-01 09:00:19
1638349220235738000,22.45,6,22.3,17,22.35,16,2,2021-12-01 09:00:20
1638349220235738000,22.4,7,22.3,17,22.35,16,2,2021-12-01 09:00:20
1638349220235738000,22.35,15,22.3,17,22.35,16,2,2021-12-01 09:00:20
1638349220544359000,22.3,2,22.3,15,22.35,17,2,2021-12-01 09:00:20
1638349220962895000,22.35,1,22.3,15,22.35,16,1,2021-12-01 09:00:20
1638349221106919000,22.35,10,22.3,15,22.35,6,1,2021-12-01 09:00:21
1638349221131259000,22.35,6,22.3,15,22.5,71,1,2021-12-01 09:00:21
1638349221332177000,22.35,1,22.3,15,22.5,71,1,2021-12-01 09:00:21
1638349222181966000,22.45,4,22.3,15,22.5,71,1,2021-12-01 09:00:22
1638349222182524000,22.5,71,22.3,15,22.55,12,1,2021-12-01 09:00:22
1638349223050197000,22.45,1,22.3,15,22.45,7,2,2021-12-01 09:00:23
1638349223172472000,22.45,2,22.3,15,22.45,5,1,2021-12-01 09:00:23
1638349224621070000,22.45,14,22.35,1,22.55,6,1,2021-12-01 09:00:24
1638349224621070000,22.55,6,22.35,1,22.55,6,1,2021-12-01 09:00:24
1638349224737263000,22.55,3,22.35,1,22.55,3,1,2021-12-01 09:00:24
1638349226001983000,22.35,1,22.3,15,22.55,3,2,2021-12-01 09:00:26
1638349227664571000,22.55,2,22.3,15,22.55,1,1,2021-12-01 09:00:27
1638349227742595000,22.55,11,22.3,15,22.6,11,1,2021-12-01 09:00:27
1638349227742595000,22.6,1,22.3,15,22.6,11,1,2021-12-01 09:00:27
1638349230285713000,22.55,1,22.45,3,22.6,8,2,2021-12-01 09:00:30
1638349230285713000,22.6,4,22.45,3,22.6,8,1,2021-12-01 09:00:30
1638349231575914000,22.6,2,22.5,1,22.6,6,1,2021-12-01 09:00:31
1638349231912452000,22.6,1,22.5,1,22.6,5,1,2021-12-01 09:00:31
1638349232505236000,22.6,3,22.5,11,22.6,2,1,2021-12-01 09:00:32
1638349232631181000,22.6,2,22.5,11,22.65,16,1,2021-12-01 09:00:32
1638349233110441000,22.5,10,22.5,1,22.65,16,2,2021-12-01 09:00:33
1638349233615556000,22.65,1,22.5,1,22.65,15,1,2021-12-01 09:00:33
1638349233618288000,22.65,1,22.5,1,22.65,14,1,2021-12-01 09:00:33
1638349235236019000,22.65,1,22.6,18,22.65,13,1,2021-12-01 09:00:35
1638349236693655000,22.6,2,22.6,16,22.65,23,2,2021-12-01 09:00:36
1638349237235051000,22.65,2,22.6,16,22.65,21,1,2021-12-01 09:00:37
1638349237304494000,22.65,3,22.6,19,22.65,18,1,2021-12-01 09:00:37
1638349237399492000,22.65,1,22.6,19,22.65,17,1,2021-12-01 09:00:37
1638349237741501000,22.65,5,22.6,19,22.65,12,1,2021-12-01 09:00:37
1638349237770982000,22.65,5,22.6,19,22.65,7,1,2021-12-01 09:00:37
1638349238018608000,22.65,7,22.65,3,22.7,89,1,2021-12-01 09:00:38
1638349238061262000,22.65,1,22.65,2,22.7,89,2,2021-12-01 09:00:38
1638349238216994000,22.65,1,22.65,1,22.7,89,2,2021-12-01 09:00:38
1638349238259325000,22.65,1,22.6,14,22.7,89,2,2021-12-01 09:00:38
1638349238259325000,22.6,5,22.6,14,22.7,89,2,2021-12-01 09:00:38
1638349238399502000,22.6,1,22.6,13,22.7,89,2,2021-12-01 09:00:38
1638349238560391000,22.7,8,22.6,14,22.7,81,1,2021-12-01 09:00:38
1638349238581148000,22.6,1,22.6,13,22.7,81,2,2021-12-01 09:00:38
1638349238753659000,22.7,8,22.6,13,22.7,74,1,2021-12-01 09:00:38
1638349239507533000,22.7,1,22.65,4,22.7,73,1,2021-12-01 09:00:39
1638349240820649000,22.65,2,22.65,2,22.7,73,2,2021-12-01 09:00:40
1638349241688011000,22.65,2,22.6,14,22.65,8,2,2021-12-01 09:00:41
1638349241759200000,22.65,1,22.6,14,22.65,7,1,2021-12-01 09:00:41
1638349241879730000,22.65,1,22.6,14,22.65,6,1,2021-12-01 09:00:41
1638349242455145000,22.65,6,22.6,15,22.8,66,1,2021-12-01 09:00:42
1638349242455145000,22.7,75,22.6,15,22.8,66,1,2021-12-01 09:00:42
1638349242455145000,22.75,11,22.6,15,22.8,66,1,2021-12-01 09:00:42
1638349242455145000,22.8,7,22.6,15,22.8,66,1,2021-12-01 09:00:42
1638349243145773000,22.75,2,22.65,3,22.8,67,2,2021-12-01 09:00:43
1638349243506400000,22.65,3,22.65,5,22.8,67,2,2021-12-01 09:00:43
1638349244057747000,22.75,2,22.65,6,22.8,67,1,2021-12-01 09:00:44
1638349244884040000,22.75,5,22.65,28,22.75,5,2,2021-12-01 09:00:44
1638349245036845000,22.65,3,22.65,26,22.75,5,2,2021-12-01 09:00:45
1638349245787202000,22.75,5,22.7,1,22.8,53,1,2021-12-01 09:00:45
1638349245787202000,22.8,15,22.7,1,22.8,53,1,2021-12-01 09:00:45
1638349246503056000,22.75,2,22.7,1,22.8,51,2,2021-12-01 09:00:46
1638349246503056000,22.8,3,22.7,1,22.8,51,1,2021-12-01 09:00:46
1638349247632400000,22.8,1,22.7,18,22.8,50,1,2021-12-01 09:00:47
1638349247668558000,22.8,6,22.7,18,22.8,44,1,2021-12-01 09:00:47
1638349248545984000,22.8,1,22.75,3,22.8,43,1,2021-12-01 09:00:48
1638349249114580000,22.8,1,22.75,3,22.8,44,1,2021-12-01 09:00:49
1638349249261911000,22.75,3,22.7,22,22.75,7,2,2021-12-01 09:00:49
1638349249266455000,22.75,3,22.7,22,22.75,4,1,2021-12-01 09:00:49
1638349249279343000,22.75,2,22.7,22,22.75,2,1,2021-12-01 09:00:49
1638349249300843000,22.75,2,22.7,22,22.8,44,1,2021-12-01 09:00:49
1638349249511284000,22.75,1,22.7,22,22.8,44,1,2021-12-01 09:00:49
1638349249559625000,22.7,2,22.7,20,22.8,44,2,2021-12-01 09:00:49
1638349249675101000,22.7,1,22.7,19,22.8,44,2,2021-12-01 09:00:49
1638349250025634000,22.75,1,22.7,19,22.75,4,1,2021-12-01 09:00:50
1638349250508726000,22.75,4,22.7,19,22.8,37,1,2021-12-01 09:00:50
1638349250508726000,22.8,7,22.7,19,22.8,37,1,2021-12-01 09:00:50
1638349250896822000,22.75,1,22.7,19,22.8,37,2,2021-12-01 09:00:50
1638349251245859000,22.7,19,22.65,46,22.8,37,2,2021-12-01 09:00:51
1638349251245859000,22.65,1,22.65,46,22.8,37,2,2021-12-01 09:00:51
1638349251453570000,22.8,1,22.65,46,22.8,36,1,2021-12-01 09:00:51
1638349251630816000,22.8,1,22.65,46,22.8,35,1,2021-12-01 09:00:51
1638349252047487000,22.75,1,22.65,46,22.75,1,2,2021-12-01 09:00:52
1638349252975980000,22.75,1,22.7,2,22.8,35,1,2021-12-01 09:00:52
1638349253533725000,22.7,2,22.65,33,22.75,1,2,2021-12-01 09:00:53
1638349253533725000,22.65,13,22.65,33,22.75,1,2,2021-12-01 09:00:53
1638349253856724000,22.75,3,22.75,2,22.8,35,1,2021-12-01 09:00:53
1638349254648373000,22.8,2,22.75,2,22.8,33,1,2021-12-01 09:00:54
1638349254894629000,22.8,1,22.75,2,22.8,32,1,2021-12-01 09:00:54
1638349255055219000,22.8,5,22.75,2,22.8,27,1,2021-12-01 09:00:55
1638349255219976000,22.75,4,22.75,3,22.8,27,2,2021-12-01 09:00:55
1638349255567847000,22.75,3,22.65,33,22.8,27,2,2021-12-01 09:00:55
1638349255567847000,22.7,2,22.65,33,22.8,27,2,2021-12-01 09:00:55
1638349257626608000,22.75,3,22.75,7,22.8,27,1,2021-12-01 09:00:57
1638349257890396000,22.75,5,22.75,3,22.8,27,2,2021-12-01 09:00:57
1638349258611499000,22.8,1,22.75,6,22.8,26,1,2021-12-01 09:00:58
1638349258719421000,22.8,10,22.75,6,22.8,16,1,2021-12-01 09:00:58
1638349259331700000,22.8,1,22.75,6,22.8,15,1,2021-12-01 09:00:59
1638349259743826000,22.8,1,22.75,6,22.8,14,1,2021-12-01 09:00:59
1638349260597358000,22.75,6,22.6,30,22.65,9,2,2021-12-01 09:01:00
1638349260597358000,22.7,7,22.6,30,22.65,9,2,2021-12-01 09:01:00
1638349260597358000,22.65,39,22.6,30,22.65,9,2,2021-12-01 09:01:00
1638349260638674000,22.65,3,22.6,30,22.65,6,1,2021-12-01 09:01:00
1638349260811574000,22.65,1,22.6,30,22.65,6,1,2021-12-01 09:01:00
1638349260843941000,22.65,5,22.6,30,22.65,1,1,2021-12-01 09:01:00
1638349261068656000,22.65,1,22.6,30,22.8,35,1,2021-12-01 09:01:01
1638349261068656000,22.7,10,22.6,30,22.8,35,1,2021-12-01 09:01:01
1638349261068656000,22.8,1,22.6,30,22.8,35,1,2021-12-01 09:01:01
1638349261489274000,22.75,3,22.7,5,22.75,2,2,2021-12-01 09:01:01
1638349262309741000,22.75,3,22.7,6,22.8,37,1,2021-12-01 09:01:02
1638349262902603000,22.7,1,22.7,5,22.75,1,2,2021-12-01 09:01:02
1638349263333945000,22.7,2,22.7,2,22.75,1,2,2021-12-01 09:01:03
1638349263333965000,22.7,1,22.7,2,22.75,1,2,2021-12-01 09:01:03
1638349264228876000,22.7,2,22.65,5,22.75,2,2,2021-12-01 09:01:04
1638349264228876000,22.65,3,22.65,5,22.75,2,2,2021-12-01 09:01:04
1638349264616231000,22.75,1,22.7,3,22.75,1,1,2021-12-01 09:01:04
1638349264675121000,22.75,1,22.7,3,22.8,37,1,2021-12-01 09:01:04
1638349264994264000,22.75,1,22.7,3,22.8,38,2,2021-12-01 09:01:04
1638349265453380000,22.7,1,22.7,2,22.8,38,2,2021-12-01 09:01:05
1638349265460246000,22.7,2,22.65,5,22.8,38,2,2021-12-01 09:01:05
1638349266139834000,22.7,1,22.65,3,22.7,1,1,2021-12-01 09:01:06
1638349267013226000,22.7,1,22.65,5,22.8,36,1,2021-12-01 09:01:07
1638349267013226000,22.75,2,22.65,5,22.8,36,1,2021-12-01 09:01:07
1638349267013226000,22.8,2,22.65,5,22.8,36,1,2021-12-01 09:01:07
1638349267144221000,22.8,36,22.65,5,22.9,16,1,2021-12-01 09:01:07
1638349267144221000,22.85,3,22.65,5,22.9,16,1,2021-12-01 09:01:07
1638349267144221000,22.9,11,22.65,5,22.9,16,1,2021-12-01 09:01:07
1638349267364628000,22.7,1,22.65,5,22.75,6,2,2021-12-01 09:01:07
1638349267455963000,22.65,3,22.65,2,22.7,1,2,2021-12-01 09:01:07
1638349267574999000,22.7,1,22.65,2,22.75,11,1,2021-12-01 09:01:07
1638349268114648000,22.7,1,22.65,2,22.7,4,2,2021-12-01 09:01:08
1638349268984838000,22.65,1,22.65,1,22.7,5,2,2021-12-01 09:01:08
1638349269662273000,22.65,1,22.65,1,22.7,5,2,2021-12-01 09:01:09
1638349270684498000,22.7,1,22.65,1,22.7,4,1,2021-12-01 09:01:10
1638349270744349000,22.7,5,22.65,1,22.75,14,1,2021-12-01 09:01:10
1638349271130486000,22.75,1,22.65,1,22.75,13,1,2021-12-01 09:01:11
1638349271224654000,22.75,12,22.75,18,22.8,1,1,2021-12-01 09:01:11
1638349271488231000,22.75,1,22.75,17,22.8,1,2,2021-12-01 09:01:11
1638349272884717000,22.75,9,22.75,8,22.8,3,2,2021-12-01 09:01:12
1638349272905436000,22.75,7,22.75,1,22.8,3,2,2021-12-01 09:01:12
1638349273034166000,22.75,1,22.7,3,22.8,3,2,2021-12-01 09:01:13
1638349274307653000,22.7,5,22.65,4,22.7,56,2,2021-12-01 09:01:14
1638349274334667000,22.7,5,22.65,4,22.7,51,1,2021-12-01 09:01:14
1638349274406763000,22.65,3,22.65,1,22.7,51,2,2021-12-01 09:01:14
1638349274498188000,22.7,1,22.65,1,22.7,50,1,2021-12-01 09:01:14
1638349274804516000,22.7,1,22.65,1,22.7,49,1,2021-12-01 09:01:14
1638349275355772000,22.65,3,22.6,42,22.7,49,2,2021-12-01 09:01:15
1638349275355772000,22.6,2,22.6,42,22.7,49,2,2021-12-01 09:01:15
1638349275870678000,22.7,5,22.6,42,22.7,44,1,2021-12-01 09:01:15
1638349276534097000,22.65,2,22.6,42,22.65,5,2,2021-12-01 09:01:16
1638349276751668000,22.6,4,22.6,38,22.65,5,2,2021-12-01 09:01:16
1638349277064260000,22.6,20,22.6,18,22.65,6,2,2021-12-01 09:01:17
1638349277095994000,22.65,2,22.6,18,22.65,4,1,2021-12-01 09:01:17
1638349277105708000,22.6,1,22.6,17,22.65,4,2,2021-12-01 09:01:17
1638349277395763000,22.65,1,22.6,17,22.65,3,1,2021-12-01 09:01:17
1638349277607336000,22.65,2,22.6,17,22.65,1,1,2021-12-01 09:01:17
1638349277954235000,22.6,17,22.55,1,22.6,13,2,2021-12-01 09:01:17
1638349278113210000,22.55,1,22.5,93,22.6,14,2,2021-12-01 09:01:18
1638349278643518000,22.5,1,22.5,92,22.6,14,2,2021-12-01 09:01:18
1638349278859980000,22.55,3,22.5,92,22.55,1,1,2021-12-01 09:01:18
1638349279195468000,22.5,5,22.5,87,22.55,8,2,2021-12-01 09:01:19
1638349280109349000,22.5,10,22.5,77,22.55,8,2,2021-12-01 09:01:20
1638349280145634000,22.5,1,22.5,76,22.55,8,2,2021-12-01 09:01:20
1638349280537102000,22.55,3,22.5,76,22.55,5,1,2021-12-01 09:01:20
1638349280580728000,22.55,2,22.5,76,22.55,3,1,2021-12-01 09:01:20
1638349280607421000,22.5,1,22.5,75,22.55,3,2,2021-12-01 09:01:20
1638349281212297000,22.5,3,22.5,72,22.55,3,2,2021-12-01 09:01:21
1638349281243693000,22.5,1,22.5,71,22.55,3,2,2021-12-01 09:01:21
1638349282640077000,22.5,20,22.5,52,22.55,3,2,2021-12-01 09:01:22
1638349282669311000,22.5,1,22.5,50,22.55,3,2,2021-12-01 09:01:22
1638349282669964000,22.5,1,22.5,50,22.55,3,2,2021-12-01 09:01:22
1638349284380515000,22.5,5,22.5,45,22.55,3,2,2021-12-01 09:01:24
1638349285199281000,22.5,44,22.5,1,22.55,3,2,2021-12-01 09:01:25
1638349285257449000,22.5,1,22.45,5,22.5,9,2,2021-12-01 09:01:25
1638349285285972000,22.5,2,22.45,5,22.5,7,1,2021-12-01 09:01:25
1638349285310799000,22.45,3,22.45,2,22.5,7,2,2021-12-01 09:01:25
1638349285318876000,22.5,7,22.45,2,22.55,3,1,2021-12-01 09:01:25
1638349285549850000,22.45,2,22.35,43,22.4,2,2,2021-12-01 09:01:25
1638349285549850000,22.4,7,22.35,43,22.4,2,2,2021-12-01 09:01:25
1638349285576933000,22.4,2,22.35,43,22.5,5,1,2021-12-01 09:01:25
1638349285604646000,22.35,1,22.35,42,22.5,5,2,2021-12-01 09:01:25
1638349285854276000,22.5,1,22.35,42,22.5,6,1,2021-12-01 09:01:25
1638349286303361000,22.5,1,22.35,42,22.5,48,1,2021-12-01 09:01:26
1638349287672969000,22.35,1,22.35,41,22.45,5,2,2021-12-01 09:01:27
1638349287731863000,22.35,41,22.3,13,22.45,5,2,2021-12-01 09:01:27
1638349287731863000,22.3,2,22.3,13,22.45,5,2,2021-12-01 09:01:27
1638349287963947000,22.4,1,22.3,13,22.4,4,1,2021-12-01 09:01:27
1638349287975516000,22.4,2,22.3,13,22.4,2,1,2021-12-01 09:01:27
1638349288217096000,22.3,13,22.25,7,22.4,2,2,2021-12-01 09:01:28
1638349288217096000,22.25,1,22.25,7,22.4,2,2,2021-12-01 09:01:28
1638349288302990000,22.25,5,22.25,2,22.3,50,2,2021-12-01 09:01:28
1638349288306267000,22.25,2,22.2,23,22.3,50,2,2021-12-01 09:01:28
1638349288859162000,22.2,10,22.2,13,22.3,51,2,2021-12-01 09:01:28
1638349288884719000,22.2,13,22.1,4,22.3,51,2,2021-12-01 09:01:28
1638349288967329000,22.1,4,22.0,22,22.15,30,2,2021-12-01 09:01:28
1638349288967329000,22.0,6,22.0,22,22.15,30,2,2021-12-01 09:01:28
1638349289318796000,22.0,10,22.0,12,22.15,30,2,2021-12-01 09:01:29
1638349289338599000,22.15,1,22.0,12,22.15,29,1,2021-12-01 09:01:29
1638349289457664000,22.1,2,22.0,12,22.1,1,2,2021-12-01 09:01:29
1638349290230164000,22.0,10,22.0,2,22.1,1,2,2021-12-01 09:01:30
1638349290256119000,22.0,2,21.9,8,22.1,1,2,2021-12-01 09:01:30
1638349290541439000,21.9,1,21.9,7,22.05,1,2,2021-12-01 09:01:30
1638349290582874000,21.9,7,21.85,11,22.05,1,2,2021-12-01 09:01:30
1638349290714948000,22.0,1,21.85,11,22.1,1,1,2021-12-01 09:01:30
1638349290714948000,22.05,1,21.85,11,22.1,1,1,2021-12-01 09:01:30
1638349291447735000,21.85,1,21.85,10,22.1,1,2,2021-12-01 09:01:31
1638349291533687000,21.85,1,21.85,9,22.1,1,2,2021-12-01 09:01:31
1638349291701625000,21.85,1,21.85,8,22.1,1,2,2021-12-01 09:01:31
1638349292841600000,21.85,8,21.8,11,22.0,5,2,2021-12-01 09:01:32
1638349292841600000,21.8,1,21.8,11,22.0,5,2,2021-12-01 09:01:32
1638349292859966000,21.8,1,21.8,10,22.0,5,2,2021-12-01 09:01:32
1638349292911152000,21.8,10,21.75,33,21.95,1,2,2021-12-01 09:01:32
1638349292966092000,21.75,11,21.75,22,21.95,1,2,2021-12-01 09:01:32
1638349292993151000,21.95,1,21.75,22,22.0,5,1,2021-12-01 09:01:32
1638349293063729000,21.75,6,21.75,16,21.9,1,2,2021-12-01 09:01:33
1638349293074615000,21.75,1,21.75,15,21.9,1,2,2021-12-01 09:01:33
1638349293285571000,21.75,2,21.75,13,21.85,2,2,2021-12-01 09:01:33
1638349293412365000,21.75,10,21.75,3,21.85,2,2,2021-12-01 09:01:33
1638349293436603000,21.75,3,21.7,1,21.85,2,2,2021-12-01 09:01:33
1638349293771474000,21.75,0,0.0,0,0.0,0,2,2021-12-01 09:01:33
1638349414132156000,21.75,163,21.75,23,21.8,1,2,2021-12-01 09:03:34
1638349414152979000,21.8,1,21.75,23,21.85,2,1,2021-12-01 09:03:34
1638349414175067000,21.85,2,21.75,23,21.9,1,1,2021-12-01 09:03:34
1638349414921891000,21.9,2,21.9,1,22.0,2,1,2021-12-01 09:03:34
1638349414926690000,21.9,1,21.85,4,22.0,2,2,2021-12-01 09:03:34
1638349415405275000,21.85,1,21.85,7,22.0,2,2,2021-12-01 09:03:35
1638349417530443000,22.0,2,21.8,1,22.15,32,1,2021-12-01 09:03:37
1638349417530443000,22.15,1,21.8,1,22.15,32,1,2021-12-01 09:03:37
1638349424629540000,22.0,1,21.9,1,22.1,12,2,2021-12-01 09:03:44
1638349424808347000,22.1,1,21.9,1,22.1,12,1,2021-12-01 09:03:44
1638349424835272000,21.9,1,21.8,7,22.1,12,2,2021-12-01 09:03:44
1638349424835272000,21.8,2,21.8,7,22.1,12,2,2021-12-01 09:03:44
1638349424954800000,22.1,1,21.8,7,22.1,11,1,2021-12-01 09:03:44
1638349425169841000,22.1,3,21.8,7,22.1,8,1,2021-12-01 09:03:45
1638349426744353000,22.0,1,21.85,3,22.1,8,2,2021-12-01 09:03:46
1638349427817451000,22.1,1,21.85,6,22.1,22,1,2021-12-01 09:03:47
1638349428901974000,22.1,1,21.9,1,22.1,22,1,2021-12-01 09:03:48
1638349430139490000,22.05,1,21.9,1,22.05,9,2,2021-12-01 09:03:50
1638349430320506000,22.05,1,21.9,1,22.05,9,1,2021-12-01 09:03:50
1638349430714656000,22.05,1,21.9,4,22.05,8,1,2021-12-01 09:03:50
1638349431273046000,22.05,4,22.0,1,22.05,4,1,2021-12-01 09:03:51
1638349431835120000,22.05,1,22.0,1,22.05,3,1,2021-12-01 09:03:51
1638349433387766000,22.0,1,21.85,4,22.05,13,2,2021-12-01 09:03:53
1638349433387766000,21.9,1,21.85,4,22.05,13,2,2021-12-01 09:03:53
1638349433387766000,21.85,3,21.85,4,22.05,13,2,2021-12-01 09:03:53
1638349433664009000,22.0,1,21.9,2,22.0,1,1,2021-12-01 09:03:53
1638349433696303000,22.0,1,21.9,2,22.05,13,1,2021-12-01 09:03:53
1638349434325983000,22.05,3,21.9,3,22.05,10,1,2021-12-01 09:03:54
1638349435026166000,22.05,1,22.0,1,22.05,9,1,2021-12-01 09:03:55
1638349435949278000,22.05,3,22.0,3,22.05,6,1,2021-12-01 09:03:55
1638349436453886000,22.05,1,22.0,3,22.05,5,1,2021-12-01 09:03:56
1638349437842508000,22.0,2,22.0,2,22.05,19,2,2021-12-01 09:03:57
1638349438375050000,22.05,1,22.0,3,22.05,18,1,2021-12-01 09:03:58
1638349438443321000,22.05,3,22.0,3,22.05,15,1,2021-12-01 09:03:58
1638349438542586000,22.05,3,22.0,3,22.05,12,1,2021-12-01 09:03:58
1638349439930923000,22.0,3,21.9,3,22.05,12,2,2021-12-01 09:03:59
1638349441110014000,22.0,3,21.9,3,22.05,12,2,2021-12-01 09:04:01
1638349442518050000,22.05,4,22.0,1,22.05,8,1,2021-12-01 09:04:02
1638349443947551000,22.0,5,21.9,3,22.0,5,2,2021-12-01 09:04:03
1638349444663672000,22.0,2,21.9,3,22.0,21,1,2021-12-01 09:04:04
1638349445066351000,22.0,1,21.9,5,22.0,21,1,2021-12-01 09:04:05
1638349445673858000,22.0,1,21.9,5,22.0,20,1,2021-12-01 09:04:05
1638349445686377000,22.0,1,21.9,5,22.0,19,1,2021-12-01 09:04:05
1638349445822234000,21.95,3,21.9,5,21.95,2,2,2021-12-01 09:04:05
1638349446979473000,21.95,1,21.9,8,21.95,2,1,2021-12-01 09:04:06
1638349447008832000,21.95,2,21.9,8,22.0,3,1,2021-12-01 09:04:07
1638349447415486000,21.9,8,21.8,19,22.0,3,2,2021-12-01 09:04:07
1638349447415486000,21.85,2,21.8,19,22.0,3,2,2021-12-01 09:04:07
1638349447415486000,21.8,1,21.8,19,22.0,3,2,2021-12-01 09:04:07
1638349447449924000,21.95,1,21.8,19,22.0,3,1,2021-12-01 09:04:07
1638349447541710000,21.85,1,21.8,9,21.95,1,2,2021-12-01 09:04:07
1638349447541710000,21.8,10,21.8,9,21.95,1,2,2021-12-01 09:04:07
1638349447569250000,21.95,1,21.8,9,22.0,3,1,2021-12-01 09:04:07
1638349447882719000,21.9,1,21.8,9,22.0,3,2,2021-12-01 09:04:07
1638349448631754000,21.95,1,21.85,1,22.0,1,1,2021-12-01 09:04:08
1638349448631754000,22.0,2,21.85,1,22.0,1,1,2021-12-01 09:04:08
1638349450555043000,21.95,1,21.85,1,22.0,16,2,2021-12-01 09:04:10
1638349450555043000,22.0,1,21.85,1,22.0,16,1,2021-12-01 09:04:10
1638349452590337000,21.95,10,21.85,3,22.0,16,2,2021-12-01 09:04:12
1638349453266362000,21.95,2,21.85,4,21.95,3,1,2021-12-01 09:04:13
1638349454067012000,21.95,1,21.85,5,21.95,2,1,2021-12-01 09:04:14
1638349454255138000,21.95,2,21.85,5,22.0,13,1,2021-12-01 09:04:14
1638349454255138000,22.0,3,21.85,5,22.0,13,1,2021-12-01 09:04:14
1638349454335536000,22.0,1,21.85,5,22.0,14,1,2021-12-01 09:04:14
1638349454422221000,22.0,1,21.85,5,22.0,13,1,2021-12-01 09:04:14
1638349454807354000,21.95,1,21.85,2,22.0,13,2,2021-12-01 09:04:14
1638349454807354000,21.85,3,21.85,2,22.0,13,2,2021-12-01 09:04:14
1638349455541302000,21.95,14,21.85,2,22.0,7,1,2021-12-01 09:04:15
1638349455541302000,22.0,6,21.85,2,22.0,7,1,2021-12-01 09:04:15
1638349455654389000,21.95,1,21.85,3,22.0,7,2,2021-12-01 09:04:15
1638349456705003000,22.0,2,21.85,3,22.0,5,1,2021-12-01 09:04:16
1638349457205827000,22.0,2,21.85,3,22.0,3,1,2021-12-01 09:04:17
1638349460422141000,22.0,1,21.95,1,22.0,9,1,2021-12-01 09:04:20
1638349460958374000,22.0,9,22.0,1,22.05,60,1,2021-12-01 09:04:20
1638349461613159000,22.0,1,21.95,1,22.05,61,2,2021-12-01 09:04:21
1638349464730952000,22.0,1,21.95,4,22.0,10,1,2021-12-01 09:04:24
1638349464935570000,22.0,1,21.95,4,22.0,9,1,2021-12-01 09:04:24
1638349466320903000,22.0,3,21.95,4,22.0,8,1,2021-12-01 09:04:26
1638349467050327000,22.0,1,21.95,4,22.0,8,1,2021-12-01 09:04:27
1638349467851930000,21.95,4,21.9,3,21.95,6,2,2021-12-01 09:04:27
1638349467965795000,21.95,2,21.9,3,21.95,4,1,2021-12-01 09:04:27
1638349468056895000,21.95,3,21.9,3,21.95,1,1,2021-12-01 09:04:28
1638349468079664000,21.95,1,21.9,3,22.0,19,1,2021-12-01 09:04:28
1638349468111363000,22.0,19,22.0,11,22.05,61,1,2021-12-01 09:04:28
1638349469842376000,22.0,1,22.0,14,22.05,62,2,2021-12-01 09:04:29
1638349470525091000,22.05,1,22.0,14,22.05,61,1,2021-12-01 09:04:30
1638349472838224000,22.05,25,22.0,22,22.05,36,1,2021-12-01 09:04:32
1638349472872974000,22.05,10,22.0,22,22.05,26,1,2021-12-01 09:04:32
1638349473744104000,22.05,1,22.0,23,22.05,25,1,2021-12-01 09:04:33
1638349473916385000,22.05,4,22.0,23,22.05,21,1,2021-12-01 09:04:33
1638349474111774000,22.05,5,22.0,24,22.05,16,1,2021-12-01 09:04:34
1638349474524110000,22.05,10,22.0,24,22.05,6,1,2021-12-01 09:04:34
1638349474557445000,22.05,1,22.0,24,22.05,5,1,2021-12-01 09:04:34
1638349474564287000,22.05,5,22.0,24,22.1,11,1,2021-12-01 09:04:34
1638349475621442000,22.1,10,22.05,2,22.1,1,1,2021-12-01 09:04:35
1638349475652239000,22.1,1,22.05,2,22.15,28,1,2021-12-01 09:04:35
1638349476064401000,22.05,3,22.0,22,22.15,28,2,2021-12-01 09:04:36
1638349476064401000,22.0,3,22.0,22,22.15,28,2,2021-12-01 09:04:36
1638349477297971000,22.1,2,22.05,1,22.1,8,1,2021-12-01 09:04:37
1638349477516496000,22.1,1,22.05,1,22.1,7,1,2021-12-01 09:04:37
1638349477741466000,22.1,5,22.05,1,22.1,2,1,2021-12-01 09:04:37
1638349477766620000,22.1,2,22.05,1,22.15,29,1,2021-12-01 09:04:37
1638349478835048000,22.1,1,22.1,4,22.15,29,2,2021-12-01 09:04:38
1638349478957586000,22.1,2,22.1,2,22.15,29,2,2021-12-01 09:04:38
1638349479015704000,22.1,2,22.05,7,22.1,43,2,2021-12-01 09:04:39
1638349481080427000,22.05,3,22.05,6,22.1,43,2,2021-12-01 09:04:41
1638349481748456000,22.1,20,22.05,7,22.1,23,1,2021-12-01 09:04:41
1638349481798048000,22.1,1,22.05,7,22.1,22,1,2021-12-01 09:04:41
1638349484296534000,22.1,1,22.05,19,22.1,21,1,2021-12-01 09:04:44
1638349484692900000,22.1,2,22.05,18,22.1,19,1,2021-12-01 09:04:44
1638349485288288000,22.1,1,22.05,22,22.1,18,1,2021-12-01 09:04:45
1638349485755561000,22.1,2,22.05,22,22.1,16,1,2021-12-01 09:04:45
1638349486004124000,22.1,1,22.05,24,22.1,15,1,2021-12-01 09:04:46
1638349486226381000,22.1,1,22.05,24,22.1,15,1,2021-12-01 09:04:46
1638349486725079000,22.1,10,22.05,24,22.1,5,1,2021-12-01 09:04:46
1638349486744556000,22.1,1,22.05,24,22.1,4,1,2021-12-01 09:04:46
1638349488865208000,22.1,4,22.1,1,22.15,29,1,2021-12-01 09:04:48
1638349488907612000,22.1,1,22.05,26,22.15,29,2,2021-12-01 09:04:48
1638349490197842000,22.15,1,22.1,7,22.15,28,1,2021-12-01 09:04:50
1638349492243025000,22.15,5,22.1,33,22.15,23,1,2021-12-01 09:04:52
1638349494387406000,22.15,1,22.1,34,22.15,22,1,2021-12-01 09:04:54
1638349494749743000,22.15,2,22.1,34,22.15,20,1,2021-12-01 09:04:54
1638349495708751000,22.15,1,22.1,36,22.15,19,1,2021-12-01 09:04:55
1638349496705651000,22.15,12,22.1,36,22.15,8,1,2021-12-01 09:04:56
1638349496743392000,22.15,4,22.1,36,22.15,4,1,2021-12-01 09:04:56
1638349497354713000,22.15,1,22.1,36,22.15,3,1,2021-12-01 09:04:57
1638349497394305000,22.15,3,22.1,36,22.2,21,1,2021-12-01 09:04:57
1638349499303756000,22.15,1,22.15,26,22.2,21,2,2021-12-01 09:04:59
1638349500535628000,22.2,1,22.15,38,22.2,20,1,2021-12-01 09:05:00
1638349500934054000,22.15,13,22.15,25,22.2,20,2,2021-12-01 09:05:00
1638349500946059000,22.15,13,22.15,12,22.2,20,2,2021-12-01 09:05:00
1638349500969573000,22.15,12,22.1,47,22.2,20,2,2021-12-01 09:05:00
1638349500969573000,22.1,1,22.1,47,22.2,20,2,2021-12-01 09:05:00
1638349500984033000,22.1,13,22.1,34,22.2,20,2,2021-12-01 09:05:00
1638349501071928000,22.1,13,22.1,21,22.2,20,2,2021-12-01 09:05:01
1638349501350517000,22.15,1,22.1,21,22.2,20,1,2021-12-01 09:05:01
1638349504567083000,22.15,20,22.15,13,22.2,21,2,2021-12-01 09:05:04
1638349505133255000,22.2,1,22.15,13,22.2,20,1,2021-12-01 09:05:05
1638349505751391000,22.2,1,22.15,15,22.2,19,1,2021-12-01 09:05:05
1638349505845785000,22.15,1,22.15,17,22.2,19,2,2021-12-01 09:05:05
1638349506722554000,22.15,2,22.15,16,22.2,19,2,2021-12-01 09:05:06
1638349507272931000,22.2,3,22.15,23,22.2,16,1,2021-12-01 09:05:07
1638349508103779000,22.2,2,22.15,23,22.2,15,1,2021-12-01 09:05:08
1638349510698344000,22.15,3,22.15,25,22.2,15,2,2021-12-01 09:05:10
1638349512325685000,22.2,3,22.15,35,22.2,12,1,2021-12-01 09:05:12
1638349515833723000,22.2,2,22.15,45,22.2,10,1,2021-12-01 09:05:15
1638349515917751000,22.2,2,22.15,45,22.2,8,1,2021-12-01 09:05:15
1638349516984044000,22.2,1,22.15,45,22.2,7,1,2021-12-01 09:05:16
1638349517367900000,22.15,1,22.15,44,22.2,7,2,2021-12-01 09:05:17
1638349518202509000,22.2,1,22.15,44,22.2,8,1,2021-12-01 09:05:18
1638349519347012000,22.2,3,22.15,45,22.2,6,1,2021-12-01 09:05:19
1638349519405870000,22.15,1,22.15,44,22.2,6,2,2021-12-01 09:05:19
1638349519475628000,22.2,1,22.15,44,22.2,5,1,2021-12-01 09:05:19
1638349520351168000,22.2,5,22.2,1,22.25,12,1,2021-12-01 09:05:20
1638349523506750000,22.2,5,22.2,6,22.25,12,2,2021-12-01 09:05:23
1638349524854512000,22.2,5,22.2,15,22.25,12,2,2021-12-01 09:05:24
1638349526475228000,22.25,2,22.2,17,22.25,10,1,2021-12-01 09:05:26
1638349526781372000,22.25,1,22.2,17,22.25,9,1,2021-12-01 09:05:26
1638349527102447000,22.25,1,22.2,17,22.25,8,1,2021-12-01 09:05:27
1638349527122288000,22.2,2,22.2,15,22.25,8,2,2021-12-01 09:05:27
1638349529166438000,22.2,1,22.2,18,22.25,8,2,2021-12-01 09:05:29
1638349530756227000,22.25,2,22.2,23,22.25,12,1,2021-12-01 09:05:30
1638349531327827000,22.2,2,22.2,22,22.25,12,2,2021-12-01 09:05:31
1638349532337825000,22.25,4,22.2,25,22.25,8,1,2021-12-01 09:05:32
1638349532438808000,22.25,8,22.2,25,22.3,49,1,2021-12-01 09:05:32
1638349532438808000,22.3,2,22.2,25,22.3,49,1,2021-12-01 09:05:32
1638349533978698000,22.25,1,22.25,2,22.3,49,2,2021-12-01 09:05:33
1638349534555794000,22.25,1,22.25,3,22.3,49,2,2021-12-01 09:05:34
1638349534980732000,22.3,1,22.25,3,22.3,48,1,2021-12-01 09:05:34
1638349539033182000,22.3,2,22.25,9,22.3,46,1,2021-12-01 09:05:39
1638349539088683000,22.3,1,22.25,9,22.3,45,1,2021-12-01 09:05:39
1638349540001796000,22.3,1,22.25,9,22.3,44,1,2021-12-01 09:05:40
1638349540378588000,22.25,2,22.25,7,22.3,44,2,2021-12-01 09:05:40
1638349540663961000,22.3,1,22.25,8,22.3,43,1,2021-12-01 09:05:40
1638349540766293000,22.25,2,22.25,6,22.3,43,2,2021-12-01 09:05:40
1638349540849753000,22.25,1,22.25,10,22.3,43,2,2021-12-01 09:05:40
1638349540953760000,22.3,1,22.25,10,22.3,42,1,2021-12-01 09:05:40
1638349542061662000,22.3,1,22.25,18,22.3,41,1,2021-12-01 09:05:42
1638349543844773000,22.3,1,22.25,24,22.3,40,1,2021-12-01 09:05:43
1638349544361303000,22.3,2,22.25,24,22.3,38,1,2021-12-01 09:05:44
1638349544422409000,22.3,1,22.25,24,22.3,37,1,2021-12-01 09:05:44
1638349544843633000,22.3,9,22.25,24,22.3,28,1,2021-12-01 09:05:44
1638349545586515000,22.3,2,22.25,25,22.3,26,1,2021-12-01 09:05:45
1638349545943509000,22.3,5,22.25,25,22.3,21,1,2021-12-01 09:05:45
1638349546421961000,22.3,3,22.25,25,22.3,18,1,2021-12-01 09:05:46
1638349547151843000,22.3,18,22.3,2,22.35,2,1,2021-12-01 09:05:47
1638349547394961000,22.3,2,22.25,25,22.3,23,2,2021-12-01 09:05:47
1638349547505096000,22.3,1,22.25,25,22.3,22,1,2021-12-01 09:05:47
1638349547661915000,22.3,1,22.25,25,22.3,21,1,2021-12-01 09:05:47
1638349547762856000,22.3,1,22.25,25,22.3,20,1,2021-12-01 09:05:47
1638349548281709000,22.3,10,22.25,25,22.3,10,1,2021-12-01 09:05:48
1638349548426075000,22.3,1,22.25,25,22.3,9,1,2021-12-01 09:05:48
1638349548804388000,22.3,1,22.25,25,22.3,8,1,2021-12-01 09:05:48
1638349549005738000,22.3,2,22.25,25,22.3,6,1,2021-12-01 09:05:49
1638349549037328000,22.3,2,22.25,25,22.3,4,1,2021-12-01 09:05:49
1638349550050377000,22.3,2,22.25,25,22.3,2,1,2021-12-01 09:05:50
1638349550079673000,22.3,2,22.3,8,22.35,2,1,2021-12-01 09:05:50
1638349555850042000,22.3,21,22.25,28,22.35,1,2,2021-12-01 09:05:55
1638349556113172000,22.35,2,22.3,3,22.4,7,1,2021-12-01 09:05:56
1638349556113172000,22.4,4,22.3,3,22.4,7,1,2021-12-01 09:05:56
1638349556334958000,22.4,3,22.3,6,22.4,4,1,2021-12-01 09:05:56
1638349557349523000,22.35,1,22.3,6,22.4,3,2,2021-12-01 09:05:57
1638349557349523000,22.4,1,22.3,6,22.4,3,1,2021-12-01 09:05:57
1638349558788055000,22.35,1,22.3,6,22.35,2,2,2021-12-01 09:05:58
1638349559436715000,22.35,2,22.3,6,22.5,6,1,2021-12-01 09:05:59
1638349559436715000,22.4,3,22.3,6,22.5,6,1,2021-12-01 09:05:59
1638349559649684000,22.3,1,22.3,6,22.5,6,2,2021-12-01 09:05:59
1638349559711607000,22.35,2,22.3,6,22.45,2,1,2021-12-01 09:05:59
1638349562704447000,22.45,1,22.4,2,22.45,2,1,2021-12-01 09:06:02
1638349562826787000,22.45,2,22.4,5,22.5,3,1,2021-12-01 09:06:02
1638349562826787000,22.5,3,22.4,5,22.5,3,1,2021-12-01 09:06:02
1638349563009229000,22.4,6,22.3,12,22.5,3,2,2021-12-01 09:06:03
1638349563009229000,22.35,3,22.3,12,22.5,3,2,2021-12-01 09:06:03
1638349563009229000,22.3,4,22.3,12,22.5,3,2,2021-12-01 09:06:03
1638349563020023000,22.3,12,22.25,27,22.3,1,2,2021-12-01 09:06:03
1638349563039938000,22.3,1,22.35,1,22.45,2,1,2021-12-01 09:06:03
1638349563069123000,22.35,1,22.25,27,22.3,12,1,2021-12-01 09:06:03
1638349564219716000,22.3,10,22.25,27,22.3,28,2,2021-12-01 09:06:04
1638349565191407000,22.25,1,22.25,26,22.3,28,2,2021-12-01 09:06:05
1638349566401295000,22.3,1,22.25,27,22.3,28,1,2021-12-01 09:06:06
1638349567097497000,22.3,1,22.25,27,22.3,28,1,2021-12-01 09:06:07
1638349568820914000,22.3,5,22.25,27,22.3,22,1,2021-12-01 09:06:08
1638349569696103000,22.3,3,22.25,27,22.3,19,1,2021-12-01 09:06:09
1638349570489576000,22.25,2,22.25,25,22.3,20,2,2021-12-01 09:06:10
1638349570930897000,22.3,10,22.25,25,22.3,10,1,2021-12-01 09:06:10
1638349570973058000,22.25,1,22.25,24,22.3,10,2,2021-12-01 09:06:10
1638349571326022000,22.3,1,22.25,29,22.3,11,1,2021-12-01 09:06:11
1638349571387438000,22.3,1,22.25,29,22.3,10,1,2021-12-01 09:06:11
1638349571388705000,22.25,5,22.25,24,22.3,10,2,2021-12-01 09:06:11
1638349571440375000,22.3,4,22.25,24,22.3,6,1,2021-12-01 09:06:11
1638349571960811000,22.25,2,22.25,22,22.3,8,2,2021-12-01 09:06:11
1638349571985723000,22.25,3,22.25,19,22.3,8,2,2021-12-01 09:06:11
1638349573158233000,22.25,1,22.25,18,22.3,9,2,2021-12-01 09:06:13
1638349573337981000,22.3,1,22.25,18,22.3,8,1,2021-12-01 09:06:13
1638349573489906000,22.3,5,22.25,18,22.3,3,1,2021-12-01 09:06:13
1638349573654065000,22.3,1,22.25,18,22.3,2,1,2021-12-01 09:06:13
1638349573677626000,22.3,2,22.25,18,22.35,1,1,2021-12-01 09:06:13
1638349576333354000,22.3,1,22.25,26,22.3,9,1,2021-12-01 09:06:16
1638349577472351000,22.25,1,22.25,26,22.3,9,2,2021-12-01 09:06:17
1638349578140582000,22.25,1,22.25,25,22.3,9,2,2021-12-01 09:06:18
1638349578607784000,22.25,1,22.25,24,22.3,12,2,2021-12-01 09:06:18
1638349578895901000,22.3,1,22.25,24,22.3,11,1,2021-12-01 09:06:18
1638349580414053000,22.25,6,22.25,18,22.3,31,2,2021-12-01 09:06:20
1638349580444614000,22.25,5,22.25,18,22.3,31,2,2021-12-01 09:06:20
1638349580565284000,22.25,4,22.25,14,22.3,31,2,2021-12-01 09:06:20
1638349580816108000,22.3,1,22.25,14,22.3,30,1,2021-12-01 09:06:20
1638349581318111000,22.25,2,22.25,12,22.3,31,2,2021-12-01 09:06:21
1638349581345956000,22.25,1,22.25,11,22.3,31,2,2021-12-01 09:06:21
1638349582093415000,22.25,3,22.25,8,22.3,31,2,2021-12-01 09:06:22
1638349582206649000,22.25,1,22.25,10,22.3,31,2,2021-12-01 09:06:22
1638349582453042000,22.25,4,22.25,6,22.3,31,2,2021-12-01 09:06:22
1638349583315379000,22.25,1,22.25,5,22.3,31,2,2021-12-01 09:06:23
1638349583603065000,22.25,1,22.25,6,22.3,31,2,2021-12-01 09:06:23
1638349583622731000,22.25,4,22.25,2,22.3,31,2,2021-12-01 09:06:23
1638349583653017000,22.25,1,22.25,1,22.3,31,2,2021-12-01 09:06:23
1638349583684053000,22.25,1,22.2,36,22.25,5,2,2021-12-01 09:06:23
1638349583808331000,22.2,2,22.2,34,22.25,5,2,2021-12-01 09:06:23
1638349583943830000,22.2,1,22.2,33,22.25,5,2,2021-12-01 09:06:23
1638349583963944000,22.25,1,22.2,32,22.25,4,1,2021-12-01 09:06:23
1638349584173953000,22.25,1,22.2,32,22.25,3,1,2021-12-01 09:06:24
1638349584368770000,22.25,1,22.2,32,22.25,2,1,2021-12-01 09:06:24
1638349584418202000,22.2,1,22.2,31,22.25,2,2,2021-12-01 09:06:24
1638349584459638000,22.25,1,22.2,31,22.25,3,1,2021-12-01 09:06:24
1638349585231596000,22.25,3,22.25,2,22.3,32,1,2021-12-01 09:06:25
1638349585465413000,22.25,1,22.25,1,22.3,32,2,2021-12-01 09:06:25
1638349585611248000,22.3,2,22.25,1,22.3,30,1,2021-12-01 09:06:25
1638349585934246000,22.25,1,22.2,31,22.3,31,2,2021-12-01 09:06:25
1638349587384739000,22.25,1,22.25,3,22.3,31,2,2021-12-01 09:06:27
1638349587436975000,22.25,1,22.25,2,22.3,31,2,2021-12-01 09:06:27
1638349588103279000,22.25,2,22.2,28,22.3,32,2,2021-12-01 09:06:28
1638349592322177000,22.3,1,22.25,5,22.3,31,1,2021-12-01 09:06:32
1638349592907294000,22.25,1,22.25,4,22.3,31,2,2021-12-01 09:06:32
1638349593093782000,22.25,2,22.25,2,22.3,31,2,2021-12-01 09:06:33
1638349593401379000,22.25,2,22.15,9,22.3,31,2,2021-12-01 09:06:33
1638349593401379000,22.2,28,22.15,9,22.3,31,2,2021-12-01 09:06:33
1638349593401379000,22.15,10,22.15,9,22.3,31,2,2021-12-01 09:06:33
1638349593438790000,22.3,8,22.15,9,22.3,23,1,2021-12-01 09:06:33
1638349594148093000,22.25,1,22.25,1,22.3,23,2,2021-12-01 09:06:34
1638349594846535000,22.25,1,22.25,3,22.3,23,2,2021-12-01 09:06:34
1638349595066450000,22.3,3,22.25,3,22.3,20,1,2021-12-01 09:06:35
1638349595157535000,22.25,3,22.15,9,22.25,5,2,2021-12-01 09:06:35
1638349596322897000,22.2,1,22.2,4,22.25,8,2,2021-12-01 09:06:36
1638349597177393000,22.2,3,22.2,1,22.25,8,2,2021-12-01 09:06:37
1638349597557885000,22.2,1,22.2,1,22.25,8,2,2021-12-01 09:06:37
1638349604952283000,22.25,5,22.2,6,22.25,9,1,2021-12-01 09:06:44
1638349605344447000,22.2,6,22.15,11,22.2,4,2,2021-12-01 09:06:45
1638349606753578000,22.2,4,22.2,1,22.25,9,1,2021-12-01 09:06:46
1638349606907933000,22.25,2,22.2,1,22.25,7,1,2021-12-01 09:06:46
1638349608079737000,22.2,1,22.15,7,22.25,7,2,2021-12-01 09:06:48
1638349608079737000,22.15,4,22.15,7,22.25,7,2,2021-12-01 09:06:48
1638349609022256000,22.2,1,22.2,9,22.25,7,1,2021-12-01 09:06:49
1638349614808073000,22.2,12,22.15,23,22.25,11,2,2021-12-01 09:06:54
1638349614808073000,22.15,3,22.15,23,22.25,11,2,2021-12-01 09:06:54
1638349615361745000,22.25,3,22.15,23,22.25,8,1,2021-12-01 09:06:55
1638349615580886000,22.15,23,22.1,15,22.25,8,2,2021-12-01 09:06:55
1638349615580886000,22.1,17,22.1,15,22.25,8,2,2021-12-01 09:06:55
1638349615810354000,22.2,1,22.1,14,22.2,2,1,2021-12-01 09:06:55
1638349617240523000,22.1,5,22.1,9,22.2,14,2,2021-12-01 09:06:57
1638349617624272000,22.1,1,22.1,8,22.2,14,2,2021-12-01 09:06:57
1638349621382577000,22.1,1,22.1,3,22.2,16,2,2021-12-01 09:07:01
1638349621416565000,22.1,3,22.05,21,22.2,16,2,2021-12-01 09:07:01
1638349622284118000,22.15,1,22.05,26,22.2,17,1,2021-12-01 09:07:02
1638349625057139000,22.15,1,22.1,1,22.2,17,1,2021-12-01 09:07:05
1638349627321422000,22.1,1,22.1,1,22.2,17,2,2021-12-01 09:07:07
1638349627357958000,22.1,1,22.05,21,22.2,17,2,2021-12-01 09:07:07
1638349627357958000,22.05,5,22.05,21,22.2,17,2,2021-12-01 09:07:07
1638349629171000000,22.15,2,22.1,1,22.15,3,1,2021-12-01 09:07:09
1638349629776672000,22.1,1,22.05,20,22.15,3,2,2021-12-01 09:07:09
1638349629776672000,22.05,1,22.05,20,22.15,3,2,2021-12-01 09:07:09
1638349631561546000,22.05,1,22.05,19,22.1,10,2,2021-12-01 09:07:11
1638349631679071000,22.05,3,22.05,16,22.1,10,2,2021-12-01 09:07:11
1638349631802199000,22.05,2,22.05,17,22.1,10,2,2021-12-01 09:07:11
1638349631873868000,22.05,1,22.05,16,22.1,10,2,2021-12-01 09:07:11
1638349632341521000,22.1,4,22.05,16,22.1,6,1,2021-12-01 09:07:12
1638349632786255000,22.05,1,22.05,15,22.1,6,2,2021-12-01 09:07:12
1638349632867722000,22.1,1,22.05,15,22.1,5,1,2021-12-01 09:07:12
1638349633974720000,22.05,1,22.05,14,22.1,5,2,2021-12-01 09:07:13
1638349634475207000,22.05,1,22.05,13,22.1,5,2,2021-12-01 09:07:14
1638349634514776000,22.05,1,22.05,12,22.1,5,2,2021-12-01 09:07:14
1638349635310085000,22.1,1,22.05,12,22.1,5,1,2021-12-01 09:07:15
1638349641391734000,22.1,4,22.05,13,22.1,1,1,2021-12-01 09:07:21
1638349643089046000,22.1,1,22.05,13,22.15,3,1,2021-12-01 09:07:23
1638349644174035000,22.1,1,22.05,13,22.15,3,2,2021-12-01 09:07:24
1638349648374887000,22.1,3,22.1,9,22.15,3,2,2021-12-01 09:07:28
1638349648852205000,22.15,3,22.15,5,22.2,19,1,2021-12-01 09:07:28
1638349649066105000,22.15,1,22.15,4,22.2,18,2,2021-12-01 09:07:29
1638349649899817000,22.15,4,22.1,5,22.2,18,2,2021-12-01 09:07:29
1638349649899817000,22.1,4,22.1,5,22.2,18,2,2021-12-01 09:07:29
1638349651353334000,22.2,10,22.1,5,22.2,13,1,2021-12-01 09:07:31
1638349655237157000,22.1,2,22.1,3,22.2,13,2,2021-12-01 09:07:35
1638349656099578000,22.2,3,22.1,3,22.2,10,1,2021-12-01 09:07:36
1638349660021674000,22.1,10,22.05,15,22.2,11,2,2021-12-01 09:07:40
1638349660417019000,22.2,5,22.1,5,22.2,6,1,2021-12-01 09:07:40
1638349662070970000,22.15,3,22.15,7,22.2,6,2,2021-12-01 09:07:42
1638349667763069000,22.2,5,22.15,7,22.2,4,1,2021-12-01 09:07:47
1638349668836242000,22.2,1,22.15,8,22.2,3,1,2021-12-01 09:07:48
1638349670469892000,22.2,3,22.2,5,22.25,7,1,2021-12-01 09:07:50
1638349671951430000,22.2,2,22.2,3,22.25,7,2,2021-12-01 09:07:51
1638349672748872000,22.25,1,22.2,5,22.25,6,1,2021-12-01 09:07:52
1638349673676811000,22.2,1,22.2,7,22.25,6,2,2021-12-01 09:07:53
1638349674080507000,22.2,1,22.2,6,22.25,6,2,2021-12-01 09:07:54
1638349680664601000,22.2,5,22.2,3,22.25,6,2,2021-12-01 09:08:00
1638349684400295000,22.25,1,22.2,9,22.25,5,1,2021-12-01 09:08:04
1638349685087093000,22.2,1,22.2,8,22.25,5,2,2021-12-01 09:08:05
1638349686812826000,22.2,8,22.1,4,22.25,5,2,2021-12-01 09:08:06
1638349686812826000,22.15,10,22.1,4,22.25,5,2,2021-12-01 09:08:06
1638349686812826000,22.1,6,22.1,4,22.25,5,2,2021-12-01 09:08:06
1638349687356164000,22.25,1,22.1,4,22.25,4,1,2021-12-01 09:08:07
1638349691632399000,22.25,1,22.1,4,22.25,3,1,2021-12-01 09:08:11
1638349693029797000,22.25,1,22.1,4,22.25,2,1,2021-12-01 09:08:13
1638349694050892000,22.25,1,22.1,4,22.25,1,1,2021-12-01 09:08:14
1638349694083264000,22.25,1,22.2,2,22.3,20,1,2021-12-01 09:08:14
1638349694119018000,22.2,2,22.1,4,22.3,20,2,2021-12-01 09:08:14
1638349695123324000,22.25,1,22.15,2,22.25,7,1,2021-12-01 09:08:15
1638349695532638000,22.15,1,22.15,1,22.25,7,2,2021-12-01 09:08:15
1638349699625504000,22.25,1,22.15,1,22.25,6,1,2021-12-01 09:08:19
1638349705842041000,22.25,1,22.15,1,22.25,5,1,2021-12-01 09:08:25
1638349706885292000,22.25,5,22.15,1,22.3,20,1,2021-12-01 09:08:26
1638349707586147000,22.3,1,22.15,1,22.3,19,1,2021-12-01 09:08:27
1638349712751835000,22.3,2,22.15,10,22.3,18,1,2021-12-01 09:08:32
1638349713376979000,22.3,4,22.15,10,22.3,15,1,2021-12-01 09:08:33
1638349714971403000,22.3,5,22.15,10,22.3,12,1,2021-12-01 09:08:34
1638349718855672000,22.3,3,22.2,2,22.3,9,1,2021-12-01 09:08:38
1638349719465011000,22.3,1,22.2,2,22.3,8,1,2021-12-01 09:08:39
1638349720655605000,22.3,1,22.25,2,22.3,7,1,2021-12-01 09:08:40
1638349721928563000,22.3,1,22.25,2,22.3,6,1,2021-12-01 09:08:41
1638349722037978000,22.3,3,22.25,2,22.3,3,1,2021-12-01 09:08:42
1638349722623461000,22.3,1,22.25,2,22.3,2,1,2021-12-01 09:08:42
1638349723401676000,22.3,2,22.3,3,22.35,6,1,2021-12-01 09:08:43
1638349724504745000,22.3,3,22.25,4,22.3,7,2,2021-12-01 09:08:44
1638349724529566000,22.3,3,22.25,4,22.3,4,1,2021-12-01 09:08:44
1638349725077442000,22.3,4,22.25,5,22.35,5,1,2021-12-01 09:08:45
1638349725077442000,22.35,1,22.25,5,22.35,5,1,2021-12-01 09:08:45
1638349726290649000,22.3,1,22.25,5,22.3,9,2,2021-12-01 09:08:46
1638349728154177000,22.3,2,22.25,5,22.3,7,1,2021-12-01 09:08:48
1638349730796001000,22.3,1,22.25,4,22.3,6,1,2021-12-01 09:08:50
1638349733250296000,22.3,3,22.25,6,22.3,4,1,2021-12-01 09:08:53
1638349734216524000,22.3,2,22.25,6,22.3,2,1,2021-12-01 09:08:54
1638349734314208000,22.3,2,22.25,6,22.35,16,1,2021-12-01 09:08:54
1638349738305906000,22.3,1,22.3,1,22.35,15,1,2021-12-01 09:08:58
1638349740631463000,22.3,1,22.3,4,22.35,15,2,2021-12-01 09:09:00
1638349742524911000,22.3,1,22.3,6,22.35,15,2,2021-12-01 09:09:02
1638349746042230000,22.3,1,22.3,11,22.35,15,2,2021-12-01 09:09:06
1638349746692301000,22.35,1,22.3,11,22.35,14,1,2021-12-01 09:09:06
1638349748097541000,22.35,1,22.3,11,22.35,17,1,2021-12-01 09:09:08
1638349749799085000,22.3,5,22.3,8,22.35,17,2,2021-12-01 09:09:09
1638349750919783000,22.3,5,22.3,3,22.35,17,2,2021-12-01 09:09:10
1638349751462349000,22.35,1,22.3,3,22.35,16,1,2021-12-01 09:09:11
1638349754428743000,22.3,1,22.3,4,22.35,16,2,2021-12-01 09:09:14
1638349754830579000,22.3,1,22.3,3,22.35,18,2,2021-12-01 09:09:14
1638349755165666000,22.35,10,22.3,3,22.35,8,1,2021-12-01 09:09:15
1638349755290386000,22.3,3,22.25,4,22.3,7,2,2021-12-01 09:09:15
1638349757790113000,22.25,4,22.2,25,22.3,37,2,2021-12-01 09:09:17
1638349757882824000,22.3,1,22.2,25,22.3,36,1,2021-12-01 09:09:17
1638349759114759000,22.2,1,22.2,24,22.3,36,2,2021-12-01 09:09:19
1638349759732744000,22.2,20,22.2,4,22.3,36,2,2021-12-01 09:09:19
1638349760381249000,22.25,1,22.2,4,22.25,1,1,2021-12-01 09:09:20
1638349762418985000,22.25,1,22.2,4,22.25,1,1,2021-12-01 09:09:22
1638349763809310000,22.2,3,22.2,1,22.25,11,2,2021-12-01 09:09:23
1638349764536602000,22.2,1,22.15,5,22.2,4,2,2021-12-01 09:09:24
1638349765804885000,22.2,2,22.15,5,22.2,3,1,2021-12-01 09:09:25
1638349773129082000,22.15,1,22.15,4,22.2,31,2,2021-12-01 09:09:33
1638349774653408000,22.15,3,22.15,1,22.2,31,2,2021-12-01 09:09:34
1638349774682182000,22.15,1,22.1,10,22.2,31,2,2021-12-01 09:09:34
1638349775472882000,22.1,3,22.1,7,22.15,1,2,2021-12-01 09:09:35
1638349775633784000,22.15,1,22.1,7,22.2,30,1,2021-12-01 09:09:35
1638349775633784000,22.2,1,22.1,7,22.2,30,1,2021-12-01 09:09:35
1638349777490308000,22.1,7,22.0,78,22.15,1,2,2021-12-01 09:09:37
1638349777490308000,22.05,13,22.0,78,22.15,1,2,2021-12-01 09:09:37
1638349777490308000,22.0,50,22.0,78,22.15,1,2,2021-12-01 09:09:37
1638349777625593000,22.0,1,22.0,77,22.1,3,2,2021-12-01 09:09:37
1638349777626611000,22.0,1,22.0,76,22.1,3,2,2021-12-01 09:09:37
1638349783768218000,22.0,1,22.0,75,22.1,3,2,2021-12-01 09:09:43
1638349783886150000,22.0,70,22.0,5,22.1,3,2,2021-12-01 09:09:43
1638349783894568000,22.0,3,22.0,2,22.1,3,2,2021-12-01 09:09:43
1638349783914298000,22.0,2,21.95,3,22.1,3,2,2021-12-01 09:09:43
1638349784286556000,21.95,2,21.95,1,22.0,1,2,2021-12-01 09:09:44
1638349785340147000,21.95,1,21.9,14,21.95,3,2,2021-12-01 09:09:45
1638349788160656000,21.9,12,21.9,2,21.95,3,2,2021-12-01 09:09:48
1638349788834818000,21.9,1,21.9,1,21.95,3,2,2021-12-01 09:09:48
1638349788860361000,21.9,1,21.85,7,21.95,3,2,2021-12-01 09:09:48
1638349789345923000,21.9,1,21.85,7,21.95,2,1,2021-12-01 09:09:49
1638349789345923000,21.95,1,21.85,7,21.95,2,1,2021-12-01 09:09:49
1638349791377684000,21.9,1,21.85,5,21.95,12,2,2021-12-01 09:09:51
1638349791377684000,21.85,2,21.85,5,21.95,12,2,2021-12-01 09:09:51
1638349791615869000,21.85,5,21.8,29,21.95,12,2,2021-12-01 09:09:51
1638349791615869000,21.8,5,21.8,29,21.95,12,2,2021-12-01 09:09:51
1638349792164895000,21.9,1,21.8,29,21.95,12,1,2021-12-01 09:09:52
1638349793110922000,21.9,1,21.8,29,21.95,7,1,2021-12-01 09:09:53
1638349793110922000,21.95,5,21.8,29,21.95,7,1,2021-12-01 09:09:53
1638349794240883000,21.9,1,21.8,29,21.9,9,2,2021-12-01 09:09:54
1638349795663393000,21.8,10,21.8,19,21.9,9,2,2021-12-01 09:09:55
1638349795880376000,21.85,1,21.8,19,21.9,9,1,2021-12-01 09:09:55
1638349796086044000,21.8,10,21.8,9,21.9,9,2,2021-12-01 09:09:56
1638349796120533000,21.8,9,21.75,31,21.9,9,2,2021-12-01 09:09:56
1638349796152230000,21.75,5,21.75,26,21.85,1,2,2021-12-01 09:09:56
1638349796202891000,21.75,2,21.75,24,21.85,1,2,2021-12-01 09:09:56
1638349797835164000,21.75,1,21.75,23,21.8,1,2,2021-12-01 09:09:57
1638349799516054000,21.75,1,21.75,23,21.8,1,2,2021-12-01 09:09:59
1638349799768543000,21.75,5,21.75,18,21.8,1,2,2021-12-01 09:09:59
1638349800399754000,21.75,1,21.75,21,21.8,1,2,2021-12-01 09:10:00
1638349800461957000,21.75,20,21.75,1,21.8,1,2,2021-12-01 09:10:00
1638349800488743000,21.75,1,21.7,14,21.8,1,2,2021-12-01 09:10:00
1638349800797299000,21.7,1,21.7,13,21.75,1,2,2021-12-01 09:10:00
1638349800828095000,21.7,13,21.5,24,21.75,1,2,2021-12-01 09:10:00
1638349800828095000,21.65,10,21.5,24,21.75,1,2,2021-12-01 09:10:00
1638349800828095000,21.6,7,21.5,24,21.75,1,2,2021-12-01 09:10:00
1638349800828095000,21.55,13,21.5,24,21.75,1,2,2021-12-01 09:10:00
1638349800828095000,21.5,7,21.5,24,21.75,1,2,2021-12-01 09:10:00
1638349800888820000,21.55,2,21.5,15,21.7,12,1,2021-12-01 09:10:00
1638349800888820000,21.5,3,21.5,15,21.7,12,2,2021-12-01 09:10:00
1638349800962294000,21.5,10,21.5,5,21.7,12,2,2021-12-01 09:10:00
1638349801210803000,21.5,5,21.4,10,21.7,12,2,2021-12-01 09:10:01
1638349801210803000,21.45,4,21.4,10,21.7,12,2,2021-12-01 09:10:01
1638349801210803000,21.4,6,21.4,10,21.7,12,2,2021-12-01 09:10:01
1638349801258734000,21.4,1,21.4,3,21.7,12,2,2021-12-01 09:10:01
1638349801897437000,21.4,1,21.4,2,21.65,1,2,2021-12-01 09:10:01
1638349802046755000,21.4,2,21.35,6,21.65,1,2,2021-12-01 09:10:02
1638349802046755000,21.35,3,21.35,6,21.65,1,2,2021-12-01 09:10:02
1638349802355356000,21.65,1,21.3,13,21.7,17,1,2021-12-01 09:10:02
1638349802355356000,21.7,4,21.3,13,21.7,17,1,2021-12-01 09:10:02
1638349806521868000,21.35,12,0.0,0,0.0,0,2,2021-12-01 09:10:06
1638349806521868000,21.35,0,0.0,0,0.0,0,2,2021-12-01 09:10:06
1638349926817387000,21.5,134,21.5,56,21.55,2,1,2021-12-01 09:12:06
1638349927031757000,21.5,2,21.5,54,21.55,2,2,2021-12-01 09:12:07
1638349927381240000,21.5,3,21.5,51,21.55,2,2,2021-12-01 09:12:07
1638349928119472000,21.55,2,21.55,1,21.6,9,1,2021-12-01 09:12:08
1638349928985169000,21.6,5,21.55,5,21.6,4,1,2021-12-01 09:12:08
1638349929026346000,21.6,4,21.55,5,21.65,9,1,2021-12-01 09:12:09
1638349929224963000,21.6,5,21.55,1,21.65,9,2,2021-12-01 09:12:09
1638349929224963000,21.55,5,21.55,1,21.65,9,2,2021-12-01 09:12:09
1638349929398211000,21.55,1,21.5,52,21.65,9,2,2021-12-01 09:12:09
1638349929398211000,21.5,1,21.5,52,21.65,9,2,2021-12-01 09:12:09
1638349929472023000,21.65,9,21.5,52,21.7,9,1,2021-12-01 09:12:09
1638349929472023000,21.7,1,21.5,52,21.7,9,1,2021-12-01 09:12:09
1638349930619875000,21.65,1,21.55,13,21.7,14,2,2021-12-01 09:12:10
1638349935709432000,21.55,5,21.55,20,21.7,14,2,2021-12-01 09:12:15
1638349937490735000,21.65,1,21.55,5,21.7,14,1,2021-12-01 09:12:17
1638349937490735000,21.55,2,21.55,5,21.7,14,2,2021-12-01 09:12:17
1638349938655570000,21.65,4,21.65,1,21.7,14,1,2021-12-01 09:12:18
1638349939922759000,21.65,1,21.5,68,21.7,14,2,2021-12-01 09:12:19
1638349939922759000,21.55,4,21.5,68,21.7,14,2,2021-12-01 09:12:19
1638349940053100000,21.55,1,21.55,1,21.7,14,2,2021-12-01 09:12:20
1638349943147004000,21.65,5,21.55,5,21.65,1,1,2021-12-01 09:12:23
1638349943183720000,21.65,1,21.55,5,21.7,14,1,2021-12-01 09:12:23
1638349948884757000,21.7,10,21.6,3,21.7,4,1,2021-12-01 09:12:28
1638349948916456000,21.7,4,21.6,3,21.75,18,1,2021-12-01 09:12:28
1638349950265691000,21.65,1,21.6,7,21.75,18,2,2021-12-01 09:12:30
1638349951477894000,21.65,2,21.6,7,21.75,18,2,2021-12-01 09:12:31
1638349955323262000,21.65,1,21.6,16,21.65,1,2,2021-12-01 09:12:35
1638349955515465000,21.6,16,21.55,36,21.65,1,2,2021-12-01 09:12:35
1638349955761283000,21.55,1,21.6,1,21.65,1,2,2021-12-01 09:12:35
1638349956583500000,21.65,1,21.6,1,21.7,1,1,2021-12-01 09:12:36
1638349960247359000,21.65,1,21.6,1,21.65,2,1,2021-12-01 09:12:40
1638349962548173000,21.65,2,21.6,4,21.7,2,1,2021-12-01 09:12:42
1638349964066833000,21.65,1,21.6,14,21.7,1,2,2021-12-01 09:12:44
1638349966927117000,21.6,10,21.6,4,21.65,3,2,2021-12-01 09:12:46
1638349966978152000,21.65,1,21.6,4,21.65,2,1,2021-12-01 09:12:46
1638349967453641000,21.65,3,21.6,5,21.7,2,1,2021-12-01 09:12:47
1638349968140650000,21.65,3,21.6,6,21.65,2,1,2021-12-01 09:12:48
1638349968906775000,21.65,2,21.6,6,21.75,7,1,2021-12-01 09:12:48
1638349968906775000,21.7,2,21.6,6,21.75,7,1,2021-12-01 09:12:48
1638349968906775000,21.75,11,21.6,6,21.75,7,1,2021-12-01 09:12:48
1638349972611618000,21.65,1,21.65,1,21.75,7,2,2021-12-01 09:12:52
1638349974146911000,21.75,1,21.65,1,21.75,6,1,2021-12-01 09:12:54
1638349974250104000,21.75,5,21.65,1,21.75,1,1,2021-12-01 09:12:54
1638349977606672000,21.75,1,21.65,5,21.8,2,1,2021-12-01 09:12:57
1638349980548940000,21.7,1,21.65,12,21.85,11,2,2021-12-01 09:13:00
1638349980548940000,21.8,2,21.65,12,21.85,11,1,2021-12-01 09:13:00
1638349985699765000,21.8,2,21.8,4,21.85,10,2,2021-12-01 09:13:05
1638349986057664000,21.85,5,21.8,4,21.85,5,1,2021-12-01 09:13:06
1638349986508958000,21.8,1,21.8,3,21.85,5,2,2021-12-01 09:13:06
1638349987149524000,21.85,5,21.8,3,21.9,17,1,2021-12-01 09:13:07
1638349987201904000,21.8,3,21.75,5,21.9,17,2,2021-12-01 09:13:07
1638349987823798000,21.8,1,21.8,1,21.9,17,2,2021-12-01 09:13:07
1638349988167471000,21.85,1,21.75,5,21.9,17,1,2021-12-01 09:13:08
1638349988167471000,21.8,1,21.75,5,21.9,17,2,2021-12-01 09:13:08
1638349989080320000,21.8,1,21.75,5,21.8,1,1,2021-12-01 09:13:09
1638349989353040000,21.8,1,21.85,2,21.9,17,1,2021-12-01 09:13:09
1638349991214762000,21.85,2,21.65,19,21.7,12,1,2021-12-01 09:13:11
1638349991214762000,21.75,5,21.65,19,21.7,12,2,2021-12-01 09:13:11
1638349991214762000,21.7,6,21.65,19,21.7,12,2,2021-12-01 09:13:11
1638349991528187000,21.7,2,21.65,19,21.7,10,1,2021-12-01 09:13:11
1638349991848605000,21.7,1,21.65,19,21.7,9,1,2021-12-01 09:13:11
1638349991924116000,21.7,1,21.65,19,21.7,8,1,2021-12-01 09:13:11
1638349991964076000,21.7,2,21.65,19,21.7,6,1,2021-12-01 09:13:11
1638349992074851000,21.7,1,21.65,19,21.7,5,1,2021-12-01 09:13:12
1638349993473108000,21.7,1,21.65,16,21.7,4,1,2021-12-01 09:13:13
1638349994004969000,21.7,4,21.65,16,21.85,6,1,2021-12-01 09:13:14
1638349994004969000,21.8,1,21.65,16,21.85,6,1,2021-12-01 09:13:14
1638349995703699000,21.8,1,21.7,2,21.8,1,1,2021-12-01 09:13:15
1638349999652094000,21.7,10,21.7,6,21.8,7,2,2021-12-01 09:13:19
1638349999683952000,21.7,6,21.65,18,21.8,7,2,2021-12-01 09:13:19
1638350000067714000,21.8,1,21.65,18,21.8,6,1,2021-12-01 09:13:20
1638350000192375000,21.8,1,21.65,18,21.8,5,1,2021-12-01 09:13:20
1638350003010103000,21.75,1,21.7,1,21.75,2,2,2021-12-01 09:13:23
1638350003116650000,21.75,1,21.7,1,21.75,1,1,2021-12-01 09:13:23
1638350005106674000,21.75,1,21.7,2,21.8,15,1,2021-12-01 09:13:25
1638350005865214000,21.75,1,21.7,2,21.8,15,1,2021-12-01 09:13:25
1638350006337680000,21.7,1,21.7,1,21.8,15,2,2021-12-01 09:13:26
1638350007118182000,21.75,1,21.7,2,21.8,15,1,2021-12-01 09:13:27
1638350009940582000,21.75,10,21.7,4,21.8,15,1,2021-12-01 09:13:29
1638350011365156000,21.75,7,21.65,18,21.8,14,2,2021-12-01 09:13:31
1638350011365156000,21.7,5,21.65,18,21.8,14,2,2021-12-01 09:13:31
1638350011365156000,21.65,3,21.65,18,21.8,14,2,2021-12-01 09:13:31
1638350012655802000,21.7,1,21.65,9,21.75,1,1,2021-12-01 09:13:32
1638350012655802000,21.65,9,21.65,9,21.75,1,2,2021-12-01 09:13:32
1638350012964234000,21.75,1,21.7,1,21.8,13,1,2021-12-01 09:13:32
1638350012964234000,21.8,1,21.7,1,21.8,13,1,2021-12-01 09:13:32
1638350013694990000,21.8,5,21.7,1,21.8,8,1,2021-12-01 09:13:33
1638350014044910000,21.7,1,21.6,39,21.65,20,2,2021-12-01 09:13:34
1638350014044910000,21.65,9,21.6,39,21.65,20,2,2021-12-01 09:13:34
1638350015741122000,21.65,2,21.6,39,21.65,18,1,2021-12-01 09:13:35
1638350016094883000,21.65,5,21.6,39,21.65,13,1,2021-12-01 09:13:36
1638350016936172000,21.65,1,21.6,39,21.65,12,1,2021-12-01 09:13:36
1638350017661969000,21.6,1,21.6,38,21.65,12,2,2021-12-01 09:13:37
1638350019027501000,21.65,5,21.6,37,21.65,7,1,2021-12-01 09:13:39
1638350019085477000,21.65,1,21.6,37,21.65,6,1,2021-12-01 09:13:39
1638350020606784000,21.6,10,21.6,27,21.65,6,2,2021-12-01 09:13:40
1638350021371504000,21.65,5,21.6,27,21.65,1,1,2021-12-01 09:13:41
1638350021648022000,21.65,1,21.65,1,21.75,4,1,2021-12-01 09:13:41
1638350022039498000,21.75,2,21.65,1,21.75,2,1,2021-12-01 09:13:42
1638350022075741000,21.65,1,21.6,27,21.75,2,2,2021-12-01 09:13:42
1638350022884474000,21.6,10,21.6,17,21.75,2,2,2021-12-01 09:13:42
1638350023751208000,21.6,17,21.55,8,21.7,5,2,2021-12-01 09:13:43
1638350023751208000,21.55,3,21.55,8,21.7,5,2,2021-12-01 09:13:43
1638350023863746000,21.65,1,21.55,8,21.65,2,1,2021-12-01 09:13:43
1638350026148315000,21.6,1,21.55,8,21.65,2,2,2021-12-01 09:13:46
1638350027130762000,21.6,1,21.55,8,21.65,2,2,2021-12-01 09:13:47
1638350028498958000,21.6,1,21.55,10,21.6,4,1,2021-12-01 09:13:48
1638350029514610000,21.6,1,21.55,10,21.6,4,1,2021-12-01 09:13:49
1638350030813990000,21.6,1,21.55,10,21.6,3,1,2021-12-01 09:13:50
1638350030858716000,21.55,1,21.55,9,21.6,3,2,2021-12-01 09:13:50
1638350032676556000,21.6,1,21.55,9,21.6,2,1,2021-12-01 09:13:52
1638350034175156000,21.6,1,21.55,9,21.6,1,1,2021-12-01 09:13:54
1638350034183215000,21.55,4,21.55,5,21.6,1,2,2021-12-01 09:13:54
1638350040239640000,21.6,1,21.55,4,21.6,1,1,2021-12-01 09:14:00
1638350041550310000,21.6,1,21.55,5,21.7,4,1,2021-12-01 09:14:01
1638350041550310000,21.65,3,21.55,5,21.7,4,1,2021-12-01 09:14:01
1638350041550310000,21.7,1,21.55,5,21.7,4,1,2021-12-01 09:14:01
1638350042171480000,21.7,1,21.55,5,21.7,3,1,2021-12-01 09:14:02
1638350042910495000,21.6,1,21.6,1,21.7,2,2,2021-12-01 09:14:02
1638350042930838000,21.6,1,21.6,3,21.7,2,2,2021-12-01 09:14:02
1638350047030166000,21.65,5,21.6,3,21.65,3,1,2021-12-01 09:14:07
1638350049981402000,21.65,3,21.6,5,21.7,2,1,2021-12-01 09:14:09
1638350050595513000,21.7,1,21.6,5,21.7,1,1,2021-12-01 09:14:10
1638350058193751000,21.7,2,21.65,4,21.75,4,1,2021-12-01 09:14:18
1638350063152187000,21.7,1,21.6,15,21.65,19,2,2021-12-01 09:14:23
1638350063152187000,21.65,4,21.6,15,21.65,19,2,2021-12-01 09:14:23
1638350064935859000,21.65,5,21.6,15,21.65,14,1,2021-12-01 09:14:24
1638350065071549000,21.65,1,21.6,15,21.65,13,1,2021-12-01 09:14:25
1638350078188196000,21.65,1,21.6,20,21.65,12,1,2021-12-01 09:14:38
1638350079388069000,21.65,1,21.6,20,21.65,11,1,2021-12-01 09:14:39
1638350080040536000,21.65,2,21.6,20,21.65,9,1,2021-12-01 09:14:40
1638350081439231000,21.65,1,21.6,20,21.65,8,1,2021-12-01 09:14:41
1638350084577288000,21.65,2,21.6,20,21.65,6,1,2021-12-01 09:14:44
1638350084597218000,21.65,4,21.6,20,21.65,2,1,2021-12-01 09:14:44
1638350086921674000,21.65,2,21.6,20,21.7,3,1,2021-12-01 09:14:46
1638350089197962000,21.7,1,21.6,20,21.7,2,1,2021-12-01 09:14:49
1638350093372202000,21.65,1,21.6,20,21.7,2,2,2021-12-01 09:14:53
1638350098965079000,21.7,1,21.6,19,21.7,1,1,2021-12-01 09:14:58
1638350106429209000,21.65,3,21.65,9,21.7,23,2,2021-12-01 09:15:06
1638350106886412000,21.65,9,21.6,19,21.65,6,2,2021-12-01 09:15:06
1638350106982024000,21.6,19,21.55,37,21.6,11,2,2021-12-01 09:15:06
1638350108410358000,21.55,5,21.55,32,21.6,34,2,2021-12-01 09:15:08
1638350109714508000,21.6,2,21.55,37,21.6,32,1,2021-12-01 09:15:09
1638350112693652000,21.6,1,21.55,37,21.6,31,1,2021-12-01 09:15:12
1638350115348549000,21.55,1,21.55,36,21.6,31,2,2021-12-01 09:15:15
1638350116187964000,21.6,10,21.55,41,21.6,21,1,2021-12-01 09:15:16
1638350126498899000,21.55,6,21.55,35,21.6,28,2,2021-12-01 09:15:26
1638350128176466000,21.6,2,21.55,35,21.6,26,1,2021-12-01 09:15:28
1638350128847445000,21.55,3,21.55,33,21.6,27,2,2021-12-01 09:15:28
1638350130146448000,21.55,2,21.55,31,21.6,37,2,2021-12-01 09:15:30
1638350132661358000,21.55,6,21.55,26,21.6,37,2,2021-12-01 09:15:32
1638350132927115000,21.6,1,21.55,26,21.6,36,1,2021-12-01 09:15:32
1638350133299270000,21.55,5,21.55,21,21.6,36,2,2021-12-01 09:15:33
1638350133815071000,21.55,1,21.55,20,21.6,36,2,2021-12-01 09:15:33
1638350136864803000,21.55,2,21.55,18,21.6,39,2,2021-12-01 09:15:36
1638350137948209000,21.55,10,21.55,8,21.6,36,2,2021-12-01 09:15:37
1638350138104053000,21.55,1,21.55,7,21.6,36,2,2021-12-01 09:15:38
1638350138133811000,21.55,3,21.55,4,21.6,36,2,2021-12-01 09:15:38
1638350139841316000,21.55,1,21.55,3,21.6,36,2,2021-12-01 09:15:39
1638350140616999000,21.55,1,21.55,2,21.6,36,2,2021-12-01 09:15:40
1638350147078588000,21.6,1,21.55,11,21.6,39,1,2021-12-01 09:15:47
1638350152376495000,21.55,1,21.55,13,21.6,36,2,2021-12-01 09:15:52
1638350156185583000,21.55,1,21.55,12,21.6,36,2,2021-12-01 09:15:56
1638350156204923000,21.55,12,21.5,126,21.6,36,2,2021-12-01 09:15:56
1638350163669176000,21.55,2,21.5,122,21.6,38,2,2021-12-01 09:16:03
1638350163669176000,21.5,4,21.5,122,21.6,38,2,2021-12-01 09:16:03
1638350164446330000,21.55,1,21.55,1,21.6,38,1,2021-12-01 09:16:04
1638350172822711000,21.55,2,21.55,3,21.6,37,2,2021-12-01 09:16:12
1638350175279197000,21.55,1,21.55,2,21.6,37,2,2021-12-01 09:16:15
1638350179244337000,21.55,2,21.5,125,21.6,39,2,2021-12-01 09:16:19
1638350179244337000,21.5,3,21.5,125,21.6,39,2,2021-12-01 09:16:19
1638350182578033000,21.5,1,21.5,114,21.55,2,2,2021-12-01 09:16:22
1638350189051904000,21.5,5,21.5,109,21.55,8,2,2021-12-01 09:16:29
1638350189742925000,21.5,5,21.5,104,21.55,8,2,2021-12-01 09:16:29
1638350190658250000,21.5,1,21.5,103,21.55,8,2,2021-12-01 09:16:30
1638350192571677000,21.5,3,21.5,101,21.55,8,2,2021-12-01 09:16:32
1638350192638496000,21.5,1,21.5,100,21.55,8,2,2021-12-01 09:16:32
1638350193358966000,21.5,1,21.5,99,21.55,8,2,2021-12-01 09:16:33
1638350194131114000,21.55,1,21.5,99,21.55,6,1,2021-12-01 09:16:34
1638350196439111000,21.5,1,21.5,98,21.55,8,2,2021-12-01 09:16:36
1638350198124914000,21.5,3,21.5,95,21.55,16,2,2021-12-01 09:16:38
1638350198892067000,21.5,1,21.5,95,21.55,18,2,2021-12-01 09:16:38
1638350199611157000,21.5,1,21.5,94,21.55,18,2,2021-12-01 09:16:39
1638350200305567000,21.5,2,21.5,92,21.55,18,2,2021-12-01 09:16:40
1638350200392282000,21.5,4,21.5,88,21.55,18,2,2021-12-01 09:16:40
1638350201333204000,21.5,88,21.45,9,21.5,12,2,2021-12-01 09:16:41
1638350206325031000,21.45,1,21.45,8,21.5,40,2,2021-12-01 09:16:46
1638350206361925000,21.45,8,21.4,19,21.5,40,2,2021-12-01 09:16:46
1638350208994803000,21.4,3,21.4,16,21.45,3,2,2021-12-01 09:16:48
1638350210475620000,21.4,3,21.4,2,21.45,3,2,2021-12-01 09:16:50
1638350210500030000,21.4,2,21.35,68,21.45,3,2,2021-12-01 09:16:50
1638350211422027000,21.35,1,21.35,67,21.45,3,2,2021-12-01 09:16:51
1638350216508883000,21.35,40,21.35,27,21.4,1,2,2021-12-01 09:16:56
1638350216670026000,21.35,1,21.35,26,21.4,1,2,2021-12-01 09:16:56
1638350216699541000,21.35,14,21.35,12,21.4,1,2,2021-12-01 09:16:56
1638350216756172000,21.35,1,21.35,11,21.4,1,2,2021-12-01 09:16:56
1638350216783036000,21.35,11,21.3,40,21.4,1,2,2021-12-01 09:16:56
1638350220571991000,21.35,1,21.35,1,21.4,3,2,2021-12-01 09:17:00
1638350220619823000,21.35,1,21.3,40,21.4,3,2,2021-12-01 09:17:00
1638350221723198000,21.35,2,21.3,40,21.35,18,1,2021-12-01 09:17:01
1638350222309559000,21.3,36,21.3,4,21.35,22,2,2021-12-01 09:17:02
1638350222339683000,21.3,3,21.3,1,21.35,22,2,2021-12-01 09:17:02
1638350222369420000,21.3,1,21.25,16,21.35,22,2,2021-12-01 09:17:02
1638350222375551000,21.35,2,21.25,16,21.35,20,1,2021-12-01 09:17:02
1638350222558537000,21.25,5,21.25,11,21.35,20,2,2021-12-01 09:17:02
1638350225080829000,21.35,1,21.3,4,21.35,16,1,2021-12-01 09:17:05
1638350225174593000,21.3,1,21.3,3,21.35,16,2,2021-12-01 09:17:05
1638350225209596000,21.35,1,21.3,3,21.35,15,1,2021-12-01 09:17:05
1638350225915379000,21.3,2,21.3,1,21.35,15,2,2021-12-01 09:17:05
1638350225923734000,21.3,1,21.25,11,21.35,15,2,2021-12-01 09:17:05
1638350227098044000,21.25,1,21.25,9,21.3,1,2,2021-12-01 09:17:07
1638350232005203000,21.25,2,21.25,10,21.3,7,2,2021-12-01 09:17:12
1638350233215441000,21.25,1,21.25,9,21.3,12,2,2021-12-01 09:17:13
1638350233806381000,21.3,1,21.25,9,21.3,11,1,2021-12-01 09:17:13
1638350233933911000,21.25,1,21.25,9,21.3,11,2,2021-12-01 09:17:13
1638350234180128000,21.25,1,21.25,8,21.3,11,2,2021-12-01 09:17:14
1638350235297394000,21.25,1,21.25,7,21.3,11,2,2021-12-01 09:17:15
1638350237101435000,21.3,1,21.25,9,21.3,11,1,2021-12-01 09:17:17
1638350237408724000,21.25,2,21.25,7,21.3,11,2,2021-12-01 09:17:17
1638350237479649000,21.25,4,21.25,3,21.3,11,2,2021-12-01 09:17:17
1638350237543781000,21.25,1,21.25,2,21.3,11,2,2021-12-01 09:17:17
1638350238292509000,21.25,2,21.2,49,21.3,11,2,2021-12-01 09:17:18
1638350238292509000,21.2,1,21.2,49,21.3,11,2,2021-12-01 09:17:18
1638350239389180000,21.25,1,21.2,49,21.25,2,1,2021-12-01 09:17:19
1638350239423606000,21.25,2,21.2,49,21.3,11,1,2021-12-01 09:17:19
1638350240045119000,21.25,2,21.2,47,21.3,16,2,2021-12-01 09:17:20
1638350240045119000,21.2,2,21.2,47,21.3,16,2,2021-12-01 09:17:20
1638350240319407000,21.25,2,21.2,47,21.25,8,1,2021-12-01 09:17:20
1638350240971772000,21.25,2,21.2,47,21.25,6,1,2021-12-01 09:17:20
1638350241005341000,21.25,6,21.2,47,21.3,16,1,2021-12-01 09:17:21
1638350241167185000,21.2,6,21.2,41,21.3,16,2,2021-12-01 09:17:21
1638350241890815000,21.2,1,21.2,40,21.3,16,2,2021-12-01 09:17:21
1638350242647277000,21.25,1,21.2,40,21.25,9,1,2021-12-01 09:17:22
1638350243151982000,21.2,1,21.2,39,21.25,9,2,2021-12-01 09:17:23
1638350243292123000,21.25,4,21.2,39,21.25,5,1,2021-12-01 09:17:23
1638350243403406000,21.2,15,21.2,24,21.25,5,2,2021-12-01 09:17:23
1638350243469534000,21.2,1,21.2,23,21.25,5,2,2021-12-01 09:17:23
1638350243980613000,21.2,1,21.2,22,21.25,5,2,2021-12-01 09:17:23
1638350245791981000,21.2,22,21.1,7,21.25,5,2,2021-12-01 09:17:25
1638350245791981000,21.15,6,21.1,7,21.25,5,2,2021-12-01 09:17:25
1638350245791981000,21.1,12,21.1,7,21.25,5,2,2021-12-01 09:17:25
1638350246583490000,21.2,5,21.1,7,21.25,5,1,2021-12-01 09:17:26
1638350248374047000,21.2,4,21.1,15,21.25,5,1,2021-12-01 09:17:28
1638350249539178000,21.1,1,21.1,14,21.25,5,2,2021-12-01 09:17:29
1638350249864472000,21.1,1,21.1,13,21.25,5,2,2021-12-01 09:17:29
1638350250781453000,21.1,2,21.1,11,21.25,5,2,2021-12-01 09:17:30
1638350252230401000,21.2,1,21.15,8,21.25,6,1,2021-12-01 09:17:32
1638350252230401000,21.15,3,21.15,8,21.25,6,2,2021-12-01 09:17:32
1638350252294136000,21.15,3,21.15,5,21.25,6,2,2021-12-01 09:17:32
1638350253039706000,21.15,1,21.15,4,21.2,2,2,2021-12-01 09:17:33
1638350255944308000,21.15,4,21.1,3,21.2,3,2,2021-12-01 09:17:35
1638350255944308000,21.1,10,21.1,3,21.2,3,2,2021-12-01 09:17:35
1638350256045133000,21.1,3,21.05,17,21.2,3,2,2021-12-01 09:17:36
1638350256045133000,21.05,2,21.05,17,21.2,3,2,2021-12-01 09:17:36
1638350257973926000,21.15,1,21.05,18,21.2,9,1,2021-12-01 09:17:37
1638350260247081000,21.05,5,21.05,12,21.2,9,2,2021-12-01 09:17:40
1638350260701352000,21.05,1,21.05,11,21.2,9,2,2021-12-01 09:17:40
1638350261078913000,21.05,2,21.05,9,21.2,9,2,2021-12-01 09:17:41
1638350264815897000,21.15,1,21.1,3,21.2,7,1,2021-12-01 09:17:44
1638350264815897000,21.2,1,21.1,3,21.2,7,1,2021-12-01 09:17:44
1638350265024008000,21.1,3,21.05,9,21.2,7,2,2021-12-01 09:17:45
1638350265024008000,21.05,1,21.05,9,21.2,7,2,2021-12-01 09:17:45
1638350267987769000,21.2,8,21.1,3,21.2,2,1,2021-12-01 09:17:47
1638350268017469000,21.2,2,21.1,3,21.25,15,1,2021-12-01 09:17:48
1638350270838398000,21.1,1,21.1,3,21.25,15,2,2021-12-01 09:17:50
1638350272444393000,21.25,1,21.1,3,21.25,14,1,2021-12-01 09:17:52
1638350274807420000,21.1,3,21.05,14,21.1,1,2,2021-12-01 09:17:54
1638350274846011000,21.1,1,21.05,15,21.25,14,1,2021-12-01 09:17:54
1638350278730364000,21.1,1,21.05,21,21.2,4,2,2021-12-01 09:17:58
1638350280568104000,21.2,1,21.15,1,21.2,3,1,2021-12-01 09:18:00
1638350281934864000,21.2,1,21.15,1,21.25,14,1,2021-12-01 09:18:01
1638350284455346000,21.2,5,21.15,3,21.25,14,2,2021-12-01 09:18:04
1638350288718310000,21.2,1,21.15,3,21.25,14,2,2021-12-01 09:18:08
1638350290267378000,21.25,2,21.2,1,21.25,12,1,2021-12-01 09:18:10
1638350290298472000,21.25,6,21.2,1,21.25,6,1,2021-12-01 09:18:10
1638350290546172000,21.2,1,21.15,8,21.2,4,2,2021-12-01 09:18:10
1638350290585021000,21.2,3,21.15,8,21.25,6,1,2021-12-01 09:18:10
1638350290585107000,21.2,1,21.15,8,21.25,6,1,2021-12-01 09:18:10
1638350295621284000,21.2,1,21.2,11,21.25,8,2,2021-12-01 09:18:15
1638350295794555000,21.25,5,21.2,11,21.25,3,1,2021-12-01 09:18:15
1638350295830840000,21.25,3,21.2,11,21.3,6,1,2021-12-01 09:18:15
1638350298058820000,21.2,3,21.2,9,21.3,6,2,2021-12-01 09:18:18
1638350299010120000,21.2,1,21.2,8,21.3,5,2,2021-12-01 09:18:19
1638350302741317000,21.25,1,21.2,6,21.25,1,1,2021-12-01 09:18:22
1638350302766676000,21.25,1,21.2,6,21.3,5,1,2021-12-01 09:18:22
1638350305735995000,21.2,1,21.2,7,21.3,5,2,2021-12-01 09:18:25
1638350305973564000,21.2,5,21.2,2,21.3,5,2,2021-12-01 09:18:25
1638350308865446000,21.25,1,21.25,1,21.3,5,1,2021-12-01 09:18:28
1638350309847372000,21.25,1,21.2,3,21.3,5,2,2021-12-01 09:18:29
1638350320107343000,21.35,1,21.25,5,21.4,4,1,2021-12-01 09:18:40
1638350326545484000,21.3,1,21.25,15,21.4,4,2,2021-12-01 09:18:46
1638350334367442000,21.35,1,21.3,5,21.4,2,1,2021-12-01 09:18:54
1638350334367442000,21.4,2,21.3,5,21.4,2,1,2021-12-01 09:18:54
1638350339735610000,21.35,1,21.3,2,21.4,2,2,2021-12-01 09:18:59
1638350339735610000,21.3,3,21.3,2,21.4,2,2,2021-12-01 09:18:59
1638350340175818000,21.3,1,21.3,1,21.4,2,2,2021-12-01 09:19:00
1638350351946616000,21.4,4,21.3,9,21.45,4,1,2021-12-01 09:19:11
1638350364036289000,21.4,1,21.3,19,21.45,3,1,2021-12-01 09:19:24
1638350364036289000,21.45,1,21.3,19,21.45,3,1,2021-12-01 09:19:24
1638350366865650000,21.35,1,21.3,19,21.4,1,2,2021-12-01 09:19:26
1638350366865650000,21.3,1,21.3,19,21.4,1,2,2021-12-01 09:19:26
1638350367611818000,21.4,1,21.4,4,21.45,3,1,2021-12-01 09:19:27
1638350370921346000,21.45,1,21.4,4,21.45,2,1,2021-12-01 09:19:30
1638350373258174000,21.4,1,21.4,3,21.45,2,2,2021-12-01 09:19:33
1638350374427218000,21.45,1,21.4,3,21.45,1,1,2021-12-01 09:19:34
1638350380811017000,21.45,1,21.4,20,21.45,1,1,2021-12-01 09:19:40
1638350385426116000,21.45,1,21.4,21,21.5,24,1,2021-12-01 09:19:45
1638350390520016000,21.5,1,21.4,16,21.5,23,1,2021-12-01 09:19:50
1638350392636810000,21.45,1,21.4,16,21.45,4,2,2021-12-01 09:19:52
1638350402832141000,21.45,2,21.4,16,21.45,3,1,2021-12-01 09:20:02
1638350404270396000,21.45,2,21.4,16,21.45,1,1,2021-12-01 09:20:04
1638350406581770000,21.4,1,21.4,15,21.45,1,2,2021-12-01 09:20:06
1638350407595542000,21.45,1,21.4,15,21.5,23,1,2021-12-01 09:20:07
1638350408277507000,21.45,1,21.4,15,21.5,23,1,2021-12-01 09:20:08
1638350412837660000,21.45,5,21.45,3,21.5,23,1,2021-12-01 09:20:12
1638350420552062000,21.45,1,21.45,2,21.5,23,2,2021-12-01 09:20:20
1638350420568132000,21.45,2,21.4,16,21.45,3,2,2021-12-01 09:20:20
1638350428368565000,21.45,1,21.4,8,21.45,2,1,2021-12-01 09:20:28
1638350428888952000,21.45,2,21.4,8,21.5,23,1,2021-12-01 09:20:28
1638350430520705000,21.45,1,21.4,10,21.45,4,1,2021-12-01 09:20:30
1638350438363961000,21.45,4,21.4,10,21.5,23,1,2021-12-01 09:20:38
1638350454111395000,21.4,10,21.3,16,21.5,23,2,2021-12-01 09:20:54
1638350454111395000,21.35,4,21.3,16,21.5,23,2,2021-12-01 09:20:54
1638350454111395000,21.3,6,21.3,16,21.5,23,2,2021-12-01 09:20:54
1638350461203707000,21.45,1,21.3,16,21.5,23,1,2021-12-01 09:21:01
1638350475548345000,21.45,1,21.45,14,21.5,23,2,2021-12-01 09:21:15
1638350476452324000,21.45,2,21.45,12,21.5,23,2,2021-12-01 09:21:16
1638350477443578000,21.45,12,21.35,1,21.4,8,2,2021-12-01 09:21:17
1638350485324986000,21.4,1,21.35,4,21.4,7,2,2021-12-01 09:21:25
1638350485521577000,21.4,1,21.35,4,21.4,6,1,2021-12-01 09:21:25
1638350485554629000,21.4,3,21.35,4,21.4,3,1,2021-12-01 09:21:25
1638350490130221000,21.4,3,21.35,4,21.45,3,1,2021-12-01 09:21:30
1638350509835134000,21.35,2,21.35,3,21.4,3,2,2021-12-01 09:21:49
1638350515390757000,21.35,3,21.35,5,21.4,3,2,2021-12-01 09:21:55
1638350522512710000,21.35,1,21.35,4,21.4,3,2,2021-12-01 09:22:02
1638350534728181000,21.35,6,21.3,7,21.4,1,2,2021-12-01 09:22:14
1638350534728181000,21.3,12,21.3,7,21.4,1,2,2021-12-01 09:22:14
1638350545662700000,21.35,1,21.3,7,21.4,1,1,2021-12-01 09:22:25
1638350552318859000,21.3,3,21.3,5,21.35,1,2,2021-12-01 09:22:32
1638350554323466000,21.3,2,21.3,3,21.35,2,2,2021-12-01 09:22:34
1638350554855101000,21.35,1,21.3,3,21.35,1,1,2021-12-01 09:22:34
1638350556350094000,21.35,1,21.3,3,21.4,1,1,2021-12-01 09:22:36
1638350566564845000,21.35,1,21.35,39,21.4,1,2,2021-12-01 09:22:46
1638350570491732000,21.35,3,21.35,37,21.4,1,2,2021-12-01 09:22:50
1638350573495697000,21.35,5,21.35,32,21.4,1,2,2021-12-01 09:22:53
1638350584598875000,21.4,1,21.35,34,21.4,1,1,2021-12-01 09:23:04
1638350598282202000,21.4,1,21.35,37,21.45,7,1,2021-12-01 09:23:18
1638350606228061000,21.4,1,21.35,42,21.45,7,1,2021-12-01 09:23:26
1638350621847976000,21.45,2,21.4,9,21.45,6,1,2021-12-01 09:23:41
1638350623787611000,21.45,1,21.4,12,21.45,5,1,2021-12-01 09:23:43
1638350624219202000,21.4,8,21.4,4,21.45,5,2,2021-12-01 09:23:44
1638350629509747000,21.45,3,21.4,5,21.45,2,1,2021-12-01 09:23:49
1638350630094155000,21.4,5,21.35,35,21.45,2,2,2021-12-01 09:23:50
1638350630094155000,21.35,5,21.35,35,21.45,2,2,2021-12-01 09:23:50
1638350646291344000,21.45,1,21.4,15,21.45,2,1,2021-12-01 09:24:06
1638350650567587000,21.45,2,21.4,25,21.5,24,1,2021-12-01 09:24:10
1638350654843251000,21.45,1,21.4,21,21.5,24,2,2021-12-01 09:24:14
1638350654843251000,21.4,4,21.4,21,21.5,24,2,2021-12-01 09:24:14
1638350662422482000,21.4,4,21.4,17,21.5,24,2,2021-12-01 09:24:22
1638350663965696000,21.4,3,21.4,14,21.5,24,2,2021-12-01 09:24:23
1638350673869790000,21.5,1,21.45,2,21.5,23,1,2021-12-01 09:24:33
1638350678246516000,21.5,2,21.45,3,21.5,21,1,2021-12-01 09:24:38
1638350678897499000,21.5,5,21.45,4,21.5,16,1,2021-12-01 09:24:38
1638350679238227000,21.5,16,21.45,4,21.55,3,1,2021-12-01 09:24:39
1638350684918589000,21.55,1,21.5,13,21.55,2,1,2021-12-01 09:24:44
1638350685069918000,21.5,13,21.4,34,21.45,8,2,2021-12-01 09:24:45
1638350685069918000,21.45,4,21.4,34,21.45,8,2,2021-12-01 09:24:45
1638350685490695000,21.45,5,21.4,34,21.45,3,1,2021-12-01 09:24:45
1638350692334820000,21.45,3,21.4,75,21.55,2,1,2021-12-01 09:24:52
1638350697290544000,21.55,1,21.45,6,21.55,4,1,2021-12-01 09:24:57
1638350698133737000,21.55,1,21.45,6,21.55,3,1,2021-12-01 09:24:58
1638350709057195000,21.55,1,21.55,3,21.6,23,2,2021-12-01 09:25:09
1638350709524285000,21.55,3,21.45,13,21.5,16,2,2021-12-01 09:25:09
1638350709524285000,21.5,7,21.45,13,21.5,16,2,2021-12-01 09:25:09
1638350714060482000,21.5,1,21.45,12,21.5,57,1,2021-12-01 09:25:14
1638350715788892000,21.5,2,21.45,12,21.5,55,1,2021-12-01 09:25:15
1638350715867069000,21.5,1,21.45,12,21.5,54,1,2021-12-01 09:25:15
1638350719914277000,21.5,5,21.45,12,21.5,49,1,2021-12-01 09:25:19
1638350723169266000,21.5,5,21.45,13,21.5,44,1,2021-12-01 09:25:23
1638350732806960000,21.45,1,21.45,14,21.5,45,2,2021-12-01 09:25:32
1638350733331221000,21.45,1,21.45,13,21.5,45,2,2021-12-01 09:25:33
1638350744307756000,21.45,2,21.45,16,21.5,45,2,2021-12-01 09:25:44
1638350744374824000,21.5,2,21.45,16,21.5,43,1,2021-12-01 09:25:44
1638350751003349000,21.5,2,21.45,16,21.5,41,1,2021-12-01 09:25:51
1638350761513799000,21.5,5,21.45,16,21.5,36,1,2021-12-01 09:26:01
1638350772216937000,21.45,3,21.45,13,21.5,36,2,2021-12-01 09:26:12
1638350772218341000,21.45,3,21.45,10,21.5,36,2,2021-12-01 09:26:12
1638350800841282000,21.45,1,21.45,20,21.5,36,2,2021-12-01 09:26:40
1638350803848812000,21.45,1,21.45,19,21.5,36,2,2021-12-01 09:26:43
1638350806444352000,21.5,2,21.45,19,21.5,34,1,2021-12-01 09:26:46
1638350813227187000,21.45,2,21.45,17,21.5,34,2,2021-12-01 09:26:53
1638350813237778000,21.5,6,21.45,17,21.5,28,1,2021-12-01 09:26:53
1638350820551540000,21.45,1,21.45,16,21.5,27,2,2021-12-01 09:27:00
1638350828758190000,21.5,3,21.45,16,21.5,24,1,2021-12-01 09:27:08
1638350830024261000,21.45,1,21.45,20,21.5,24,2,2021-12-01 09:27:10
1638350833277129000,21.5,1,21.45,20,21.5,23,1,2021-12-01 09:27:13
1638350839579615000,21.5,10,21.45,23,21.5,13,1,2021-12-01 09:27:19
1638350839604067000,21.5,1,21.45,23,21.5,12,1,2021-12-01 09:27:19
1638350841667372000,21.5,1,21.45,23,21.5,11,1,2021-12-01 09:27:21
1638350841691102000,21.5,1,21.45,23,21.5,10,1,2021-12-01 09:27:21
1638350843333643000,21.5,1,21.45,23,21.5,9,1,2021-12-01 09:27:23
1638350843363313000,21.5,2,21.45,23,21.5,7,1,2021-12-01 09:27:23
1638350843475781000,21.5,2,21.45,23,21.5,5,1,2021-12-01 09:27:23
1638350843508768000,21.5,5,21.45,23,21.6,23,1,2021-12-01 09:27:23
1638350850091637000,21.5,5,21.45,29,21.5,15,1,2021-12-01 09:27:30
1638350853941127000,21.5,1,21.45,29,21.5,14,1,2021-12-01 09:27:33
1638350854142455000,21.5,1,21.45,29,21.5,13,1,2021-12-01 09:27:34
1638350858894545000,21.5,1,21.45,29,21.5,12,1,2021-12-01 09:27:38
1638350860690476000,21.5,5,21.45,29,21.5,7,1,2021-12-01 09:27:40
1638350862117746000,21.5,1,21.45,29,21.5,6,1,2021-12-01 09:27:42
1638350862574244000,21.45,1,21.45,28,21.5,6,2,2021-12-01 09:27:42
1638350863501168000,21.5,5,21.45,28,21.5,1,1,2021-12-01 09:27:43
1638350864958040000,21.5,1,21.45,28,21.55,1,1,2021-12-01 09:27:44
1638350884130590000,21.5,2,21.5,1,21.6,23,2,2021-12-01 09:28:04
1638350886039177000,21.55,1,21.55,2,21.6,23,1,2021-12-01 09:28:06
1638350890927027000,21.55,1,21.55,1,21.6,23,2,2021-12-01 09:28:10
1638350892847322000,21.55,1,21.5,7,21.6,23,2,2021-12-01 09:28:12
1638350897962026000,21.55,1,21.5,7,21.6,21,1,2021-12-01 09:28:17
1638350897962026000,21.6,2,21.5,7,21.6,21,1,2021-12-01 09:28:17
1638350901623575000,21.55,1,21.55,9,21.6,21,2,2021-12-01 09:28:21
1638350913454693000,21.55,3,21.55,7,21.6,31,2,2021-12-01 09:28:33
1638350930302218000,21.55,1,21.55,9,21.6,36,2,2021-12-01 09:28:50
1638350932566155000,21.6,3,21.55,9,21.6,33,1,2021-12-01 09:28:52
1638350944766084000,21.6,1,21.55,4,21.6,31,1,2021-12-01 09:29:04
1638350948206137000,21.6,1,21.55,4,21.6,30,1,2021-12-01 09:29:08
1638350948274918000,21.6,1,21.55,4,21.6,29,1,2021-12-01 09:29:08
1638350953287921000,21.6,5,21.55,5,21.6,24,1,2021-12-01 09:29:13
1638350954068670000,21.6,4,21.55,5,21.6,20,1,2021-12-01 09:29:14
1638350957862336000,21.6,1,21.55,5,21.6,19,1,2021-12-01 09:29:17
1638350959151758000,21.6,10,21.55,5,21.6,9,1,2021-12-01 09:29:19
1638350963252621000,21.55,2,21.55,3,21.6,9,2,2021-12-01 09:29:23
1638350964677734000,21.6,5,21.55,3,21.6,4,1,2021-12-01 09:29:24
1638350965523774000,21.6,3,21.55,3,21.6,1,1,2021-12-01 09:29:25
1638350968175441000,21.6,2,21.6,1,21.65,21,1,2021-12-01 09:29:28
1638350979057161000,21.6,1,21.55,3,21.65,21,2,2021-12-01 09:29:39
1638350979231807000,21.65,2,21.55,3,21.65,19,1,2021-12-01 09:29:39
1638350981197983000,21.65,2,21.55,3,21.65,17,1,2021-12-01 09:29:41
1638350993167720000,21.55,3,21.45,11,21.65,17,2,2021-12-01 09:29:53
1638350993167720000,21.5,8,21.45,11,21.65,17,2,2021-12-01 09:29:53
1638350993167720000,21.45,9,21.45,11,21.65,17,2,2021-12-01 09:29:53
1638350999131783000,21.55,1,21.45,11,21.6,5,1,2021-12-01 09:29:59
1638350999131783000,21.6,1,21.45,11,21.6,5,1,2021-12-01 09:29:59
1638351002524402000,21.5,3,21.5,8,21.6,1,2,2021-12-01 09:30:02
1638351009361736000,21.5,3,21.5,5,21.6,1,2,2021-12-01 09:30:09
1638351009805763000,21.6,1,21.6,1,21.65,18,1,2021-12-01 09:30:09
1638351015160075000,21.6,1,21.5,5,21.6,3,2,2021-12-01 09:30:15
1638351024943040000,21.5,5,21.5,1,21.6,7,2,2021-12-01 09:30:24
1638351024971917000,21.5,1,21.45,11,21.6,7,2,2021-12-01 09:30:24
1638351027600141000,21.6,1,21.45,11,21.6,6,1,2021-12-01 09:30:27
1638351031935977000,21.6,1,21.45,12,21.6,6,1,2021-12-01 09:30:31
1638351041385376000,21.6,1,21.5,2,21.6,5,1,2021-12-01 09:30:41
1638351054851906000,21.55,1,21.5,3,21.6,5,2,2021-12-01 09:30:54
1638351064575610000,21.6,4,21.55,1,21.6,2,1,2021-12-01 09:31:04
1638351078549732000,21.6,2,21.55,2,21.65,16,1,2021-12-01 09:31:18
1638351100705588000,21.6,2,21.6,2,21.65,16,2,2021-12-01 09:31:40
1638351104737016000,21.6,2,21.55,6,21.65,18,2,2021-12-01 09:31:44
1638351108679095000,21.6,1,21.55,6,21.6,4,1,2021-12-01 09:31:48
1638351113558712000,21.6,2,21.55,6,21.6,2,1,2021-12-01 09:31:53
1638351113626420000,21.6,1,21.55,6,21.6,1,1,2021-12-01 09:31:53
1638351122604548000,21.6,1,21.55,7,21.6,1,1,2021-12-01 09:32:02
1638351123050750000,21.6,1,21.55,7,21.65,13,1,2021-12-01 09:32:03
1638351134911612000,21.65,2,21.6,12,21.65,11,1,2021-12-01 09:32:14
1638351137643796000,21.65,1,21.6,12,21.65,10,1,2021-12-01 09:32:17
1638351137769345000,21.65,4,21.6,12,21.65,6,1,2021-12-01 09:32:17
1638351138336741000,21.65,1,21.6,12,21.65,5,1,2021-12-01 09:32:18
1638351141695482000,21.65,3,21.6,12,21.65,2,1,2021-12-01 09:32:21
1638351145908138000,21.65,2,21.6,12,21.7,20,1,2021-12-01 09:32:25
1638351145908138000,21.7,1,21.6,12,21.7,20,1,2021-12-01 09:32:25
1638351146138529000,21.7,7,21.6,12,21.7,13,1,2021-12-01 09:32:26
1638351146194330000,21.7,10,21.6,12,21.75,7,1,2021-12-01 09:32:26
1638351146194705000,21.7,3,21.6,12,21.75,7,1,2021-12-01 09:32:26
1638351146194705000,21.75,7,21.6,12,21.75,7,1,2021-12-01 09:32:26
1638351146392744000,21.75,5,21.6,12,21.75,2,1,2021-12-01 09:32:26
1638351149364678000,21.75,2,21.7,2,21.8,13,1,2021-12-01 09:32:29
1638351150348885000,21.7,2,21.65,3,21.8,13,2,2021-12-01 09:32:30
1638351159089446000,21.8,3,21.7,7,21.8,10,1,2021-12-01 09:32:39
1638351159263027000,21.8,1,21.7,7,21.8,9,1,2021-12-01 09:32:39
1638351159272464000,21.8,9,21.7,7,21.85,14,1,2021-12-01 09:32:39
1638351159272464000,21.85,1,21.7,7,21.85,14,1,2021-12-01 09:32:39
1638351159316267000,21.85,1,21.7,7,21.85,13,1,2021-12-01 09:32:39
1638351159323035000,21.85,1,21.7,7,21.85,12,1,2021-12-01 09:32:39
1638351161014504000,21.85,1,21.7,7,21.85,11,1,2021-12-01 09:32:41
1638351162403712000,21.85,5,21.7,6,21.85,6,1,2021-12-01 09:32:42
1638351163562285000,21.85,4,21.7,6,21.85,4,1,2021-12-01 09:32:43
1638351166302004000,21.85,4,21.85,1,21.9,33,1,2021-12-01 09:32:46
1638351166590931000,21.9,2,21.85,1,21.9,31,1,2021-12-01 09:32:46
1638351166925183000,21.9,4,21.85,1,21.9,27,1,2021-12-01 09:32:46
1638351167127288000,21.9,4,21.85,1,21.9,23,1,2021-12-01 09:32:47
1638351167329317000,21.9,4,21.85,1,21.9,19,1,2021-12-01 09:32:47
1638351167431361000,21.9,4,21.85,1,21.9,15,1,2021-12-01 09:32:47
1638351167638834000,21.9,4,21.85,1,21.9,11,1,2021-12-01 09:32:47
1638351168384052000,21.9,1,21.85,1,21.9,10,1,2021-12-01 09:32:48
1638351168899655000,21.9,1,21.85,1,21.9,9,1,2021-12-01 09:32:48
1638351169593191000,21.9,3,21.85,1,21.9,6,1,2021-12-01 09:32:49
1638351169820964000,21.9,1,21.85,1,21.9,5,1,2021-12-01 09:32:49
1638351169993959000,21.9,3,21.85,1,21.9,2,1,2021-12-01 09:32:49
1638351170586208000,21.9,1,21.85,1,21.9,1,1,2021-12-01 09:32:50
1638351170671703000,21.9,1,21.85,1,21.95,19,1,2021-12-01 09:32:50
1638351171014190000,21.9,1,21.85,1,21.95,19,1,2021-12-01 09:32:51
1638351171236921000,21.9,1,21.85,1,21.95,19,1,2021-12-01 09:32:51
1638351174493422000,21.9,1,21.9,4,21.95,20,2,2021-12-01 09:32:54
1638351182051330000,21.9,1,21.9,17,21.95,20,2,2021-12-01 09:33:02
1638351182589423000,21.95,1,21.9,17,21.95,19,1,2021-12-01 09:33:02
1638351182637834000,21.95,1,21.9,17,21.95,18,1,2021-12-01 09:33:02
1638351183472933000,21.95,5,21.9,57,21.95,13,1,2021-12-01 09:33:03
1638351184373653000,21.95,1,21.9,57,21.95,12,1,2021-12-01 09:33:04
1638351184844846000,21.95,1,21.9,57,21.95,11,1,2021-12-01 09:33:04
1638351185916026000,21.95,1,21.9,57,21.95,11,1,2021-12-01 09:33:05
1638351186535586000,21.95,10,21.9,57,21.95,1,1,2021-12-01 09:33:06
1638351186858086000,21.95,1,21.9,62,22.0,30,1,2021-12-01 09:33:06
1638351189392970000,21.95,1,21.95,7,22.0,30,2,2021-12-01 09:33:09
1638351190547283000,22.0,1,21.95,7,22.0,29,1,2021-12-01 09:33:10
1638351191934894000,22.0,4,21.95,11,22.0,25,1,2021-12-01 09:33:11
1638351191957368000,22.0,1,21.95,11,22.0,24,1,2021-12-01 09:33:11
1638351193081841000,22.0,3,21.95,14,22.0,21,1,2021-12-01 09:33:13
1638351193120044000,22.0,5,21.95,14,22.0,16,1,2021-12-01 09:33:13
1638351195632966000,22.0,1,21.95,15,22.0,15,1,2021-12-01 09:33:15
1638351195668614000,22.0,6,21.95,15,22.0,9,1,2021-12-01 09:33:15
1638351195756701000,22.0,1,21.95,15,22.0,8,1,2021-12-01 09:33:15
1638351195785374000,22.0,8,21.95,15,22.05,19,1,2021-12-01 09:33:15
1638351196840423000,22.0,1,22.0,9,22.05,19,2,2021-12-01 09:33:16
1638351197510414000,22.05,1,22.0,11,22.05,12,1,2021-12-01 09:33:17
1638351197563108000,22.05,1,22.0,11,22.05,11,1,2021-12-01 09:33:17
1638351199043650000,22.0,1,22.0,12,22.05,11,2,2021-12-01 09:33:19
1638351199192306000,22.05,1,22.0,12,22.05,10,1,2021-12-01 09:33:19
1638351200553875000,22.05,1,22.0,14,22.05,9,1,2021-12-01 09:33:20
1638351201031249000,22.05,5,22.0,14,22.05,4,1,2021-12-01 09:33:21
1638351201356974000,22.05,4,22.0,14,22.1,11,1,2021-12-01 09:33:21
1638351201356974000,22.1,1,22.0,14,22.1,11,1,2021-12-01 09:33:21
1638351201961555000,22.05,1,22.0,14,22.1,11,2,2021-12-01 09:33:21
1638351205932002000,22.1,1,22.05,6,22.1,11,1,2021-12-01 09:33:25
1638351205974208000,22.05,1,22.05,5,22.1,11,2,2021-12-01 09:33:25
1638351207216056000,22.1,2,22.05,8,22.1,9,1,2021-12-01 09:33:27
1638351207230877000,22.1,1,22.05,8,22.1,8,1,2021-12-01 09:33:27
1638351207276956000,22.05,8,22.0,7,22.1,8,2,2021-12-01 09:33:27
1638351207276956000,22.0,2,22.0,7,22.1,8,2,2021-12-01 09:33:27
1638351209642024000,22.05,2,22.0,12,22.05,2,1,2021-12-01 09:33:29
1638351209907826000,22.05,2,22.05,3,22.1,9,1,2021-12-01 09:33:29
1638351212275752000,22.05,3,22.05,1,22.1,11,2,2021-12-01 09:33:32
1638351212857366000,22.05,1,22.0,13,22.1,13,2,2021-12-01 09:33:32
1638351213415415000,22.1,3,22.0,13,22.1,10,1,2021-12-01 09:33:33
1638351213531349000,22.0,8,22.0,5,22.05,8,2,2021-12-01 09:33:33
1638351214789649000,22.05,1,22.0,6,22.05,9,1,2021-12-01 09:33:34
1638351216164913000,22.05,1,22.0,6,22.05,13,1,2021-12-01 09:33:36
1638351216470825000,22.05,3,22.0,6,22.05,10,1,2021-12-01 09:33:36
1638351216955165000,22.05,1,22.0,11,22.05,9,1,2021-12-01 09:33:36
1638351217495657000,22.0,1,22.0,10,22.05,9,2,2021-12-01 09:33:37
1638351217757895000,22.05,1,22.0,10,22.05,8,1,2021-12-01 09:33:37
1638351218572061000,22.05,1,22.0,10,22.05,7,1,2021-12-01 09:33:38
1638351219063461000,22.05,1,22.0,10,22.05,6,1,2021-12-01 09:33:39
1638351219459936000,22.05,1,22.0,10,22.05,5,1,2021-12-01 09:33:39
1638351220906580000,22.05,5,22.0,13,22.05,2,1,2021-12-01 09:33:40
1638351223094373000,22.05,1,22.0,15,22.05,2,1,2021-12-01 09:33:43
1638351223650609000,22.05,2,22.05,3,22.1,16,1,2021-12-01 09:33:43
1638351224031978000,22.1,1,22.05,3,22.1,15,1,2021-12-01 09:33:44
1638351224750810000,22.1,8,22.05,63,22.1,7,1,2021-12-01 09:33:44
1638351227894846000,22.1,1,22.05,69,22.1,7,1,2021-12-01 09:33:47
1638351228428704000,22.1,6,22.05,69,22.1,1,1,2021-12-01 09:33:48
1638351228589838000,22.1,1,22.05,69,22.15,9,1,2021-12-01 09:33:48
1638351228589838000,22.15,2,22.05,69,22.15,9,1,2021-12-01 09:33:48
1638351232802240000,22.15,1,22.1,5,22.15,12,1,2021-12-01 09:33:52
1638351233129496000,22.15,1,22.1,5,22.15,9,1,2021-12-01 09:33:53
1638351233274928000,22.15,1,22.1,5,22.15,8,1,2021-12-01 09:33:53
1638351233829626000,22.1,1,22.1,4,22.15,8,2,2021-12-01 09:33:53
1638351234367430000,22.1,4,22.05,77,22.15,8,2,2021-12-01 09:33:54
1638351234472694000,22.15,3,22.05,77,22.15,5,1,2021-12-01 09:33:54
1638351234919939000,22.15,1,22.05,77,22.15,4,1,2021-12-01 09:33:54
1638351235339724000,22.15,1,22.1,1,22.15,3,1,2021-12-01 09:33:55
1638351235606703000,22.15,1,22.1,3,22.15,2,1,2021-12-01 09:33:55
1638351235938428000,22.15,10,22.1,3,22.15,3,1,2021-12-01 09:33:55
1638351238145071000,22.15,3,22.15,2,22.2,34,1,2021-12-01 09:33:58
1638351239823990000,22.15,3,22.15,1,22.2,34,2,2021-12-01 09:33:59
1638351241024877000,22.2,1,22.15,2,22.2,33,1,2021-12-01 09:34:01
1638351241642236000,22.15,2,22.1,10,22.2,33,2,2021-12-01 09:34:01
1638351241954859000,22.2,1,22.1,10,22.2,32,1,2021-12-01 09:34:01
1638351242466466000,22.2,2,22.15,3,22.2,30,1,2021-12-01 09:34:02
1638351243275337000,22.2,1,22.15,4,22.2,29,1,2021-12-01 09:34:03
1638351243363547000,22.2,4,22.15,4,22.2,25,1,2021-12-01 09:34:03
1638351244355518000,22.15,2,22.15,2,22.2,24,2,2021-12-01 09:34:04
1638351244399734000,22.15,2,22.1,33,22.15,2,2,2021-12-01 09:34:04
1638351244701094000,22.15,1,22.1,33,22.15,1,1,2021-12-01 09:34:04
1638351244960708000,22.15,1,22.1,33,22.2,23,1,2021-12-01 09:34:04
1638351244960708000,22.2,1,22.1,33,22.2,23,1,2021-12-01 09:34:04
1638351247013471000,22.2,1,22.15,2,22.2,22,1,2021-12-01 09:34:07
1638351247453221000,22.2,1,22.15,2,22.2,21,1,2021-12-01 09:34:07
1638351247531956000,22.2,20,22.15,2,22.2,1,1,2021-12-01 09:34:07
1638351247564169000,22.2,1,22.15,2,22.25,30,1,2021-12-01 09:34:07
1638351248305718000,22.25,3,22.15,2,22.25,27,1,2021-12-01 09:34:08
1638351249265777000,22.2,1,22.15,7,22.25,27,2,2021-12-01 09:34:09
1638351249426985000,22.25,2,22.15,7,22.25,25,1,2021-12-01 09:34:09
1638351250129379000,22.2,2,22.2,1,22.25,25,2,2021-12-01 09:34:10
1638351250470924000,22.2,1,22.15,6,22.25,25,2,2021-12-01 09:34:10
1638351250470924000,22.15,1,22.15,6,22.25,25,2,2021-12-01 09:34:10
1638351251217043000,22.25,1,22.15,11,22.25,24,1,2021-12-01 09:34:11
1638351252321485000,22.2,1,22.15,11,22.25,24,2,2021-12-01 09:34:12
1638351252743981000,22.25,2,22.15,21,22.25,22,1,2021-12-01 09:34:12
1638351253415578000,22.2,1,22.15,21,22.25,18,2,2021-12-01 09:34:13
1638351253415578000,22.25,4,22.15,21,22.25,18,1,2021-12-01 09:34:13
1638351255034839000,22.25,1,22.15,22,22.25,19,1,2021-12-01 09:34:15
1638351255486317000,22.25,1,22.15,22,22.25,18,1,2021-12-01 09:34:15
1638351257075767000,22.2,1,22.15,27,22.2,1,2,2021-12-01 09:34:17
1638351257374062000,22.2,1,22.15,27,22.25,20,1,2021-12-01 09:34:17
1638351257679819000,22.25,1,22.15,27,22.25,20,1,2021-12-01 09:34:17
1638351258849565000,22.2,1,22.15,29,22.25,25,2,2021-12-01 09:34:18
1638351259692415000,22.2,1,22.15,29,22.25,25,2,2021-12-01 09:34:19
1638351259776454000,22.2,10,22.15,29,22.25,25,1,2021-12-01 09:34:19
1638351260244216000,22.25,1,22.15,30,22.25,24,1,2021-12-01 09:34:20
1638351260891494000,22.2,1,22.15,31,22.2,6,2,2021-12-01 09:34:20
1638351261116757000,22.2,1,22.15,31,22.2,5,1,2021-12-01 09:34:21
1638351261428441000,22.2,5,22.15,31,22.25,19,1,2021-12-01 09:34:21
1638351261428441000,22.25,5,22.15,31,22.25,19,1,2021-12-01 09:34:21
1638351263217632000,22.2,1,22.25,10,22.3,27,2,2021-12-01 09:34:23
1638351263217632000,22.25,19,22.25,10,22.3,27,1,2021-12-01 09:34:23
1638351264317550000,22.3,5,22.25,10,22.3,22,1,2021-12-01 09:34:24
1638351264378180000,22.3,1,22.25,10,22.3,21,1,2021-12-01 09:34:24
1638351264418673000,22.25,5,22.25,5,22.3,21,2,2021-12-01 09:34:24
1638351265334104000,22.25,1,22.25,4,22.3,21,2,2021-12-01 09:34:25
1638351265698600000,22.3,3,22.25,4,22.3,18,1,2021-12-01 09:34:25
1638351267233319000,22.25,4,22.2,9,22.3,18,2,2021-12-01 09:34:27
1638351267233319000,22.2,3,22.2,9,22.3,18,2,2021-12-01 09:34:27
1638351268169823000,22.25,1,22.2,19,22.3,18,1,2021-12-01 09:34:28
1638351268547566000,22.2,10,22.2,10,22.3,18,2,2021-12-01 09:34:28
1638351268747934000,22.3,1,22.2,10,22.3,16,1,2021-12-01 09:34:28
1638351269082740000,22.3,5,22.2,10,22.3,11,1,2021-12-01 09:34:29
1638351269428625000,22.3,5,22.2,10,22.3,6,1,2021-12-01 09:34:29
1638351271631109000,22.3,7,22.25,4,22.4,3,1,2021-12-01 09:34:31
1638351271631109000,22.35,5,22.25,4,22.4,3,1,2021-12-01 09:34:31
1638351271631109000,22.4,8,22.25,4,22.4,3,1,2021-12-01 09:34:31
1638351271890751000,22.4,3,22.25,5,22.45,6,1,2021-12-01 09:34:31
1638351271890751000,22.45,7,22.25,5,22.45,6,1,2021-12-01 09:34:31
1638351272368121000,22.3,1,22.3,11,22.4,2,2,2021-12-01 09:34:32
1638351272627185000,22.3,1,22.3,10,22.4,2,2,2021-12-01 09:34:32
1638351273088571000,22.4,2,22.35,2,22.5,47,1,2021-12-01 09:34:33
1638351273088571000,22.45,6,22.35,2,22.5,47,1,2021-12-01 09:34:33
1638351273088571000,22.5,32,22.35,2,22.5,47,1,2021-12-01 09:34:33
1638351273135696000,22.5,2,22.35,2,22.5,45,1,2021-12-01 09:34:33
1638351273136757000,22.5,1,22.35,2,22.5,44,1,2021-12-01 09:34:33
1638351273202710000,22.5,1,22.35,3,22.5,43,1,2021-12-01 09:34:33
1638351276331343000,22.5,1,22.35,5,22.5,37,1,2021-12-01 09:34:36
1638351277889851000,22.35,1,22.35,7,22.45,6,2,2021-12-01 09:34:37
1638351278401811000,22.45,1,22.35,11,22.45,7,1,2021-12-01 09:34:38
1638351279085979000,22.45,8,22.5,54,22.55,6,1,2021-12-01 09:34:39
1638351279085979000,22.5,38,22.5,54,22.55,6,1,2021-12-01 09:34:39
1638351279130632000,22.5,1,22.5,53,22.55,6,2,2021-12-01 09:34:39
1638351279148585000,22.55,1,22.5,53,22.55,5,1,2021-12-01 09:34:39
1638351279168602000,22.55,1,22.5,53,22.55,4,1,2021-12-01 09:34:39
1638351279178512000,22.55,1,22.5,53,22.55,3,1,2021-12-01 09:34:39
1638351279179768000,22.55,1,22.5,53,22.55,2,1,2021-12-01 09:34:39
1638351279194187000,22.55,1,22.5,53,22.55,2,1,2021-12-01 09:34:39
1638351279225966000,22.5,1,22.5,52,22.55,2,2,2021-12-01 09:34:39
1638351279267931000,22.55,1,22.5,52,22.55,1,1,2021-12-01 09:34:39
1638351279630824000,22.5,1,22.5,51,22.55,1,2,2021-12-01 09:34:39
1638351279657825000,22.5,2,22.5,49,22.55,1,2,2021-12-01 09:34:39
1638351279785296000,22.55,1,22.5,49,22.6,40,1,2021-12-01 09:34:39
1638351280119121000,22.6,1,22.5,59,22.6,39,1,2021-12-01 09:34:40
1638351280338478000,22.55,1,22.55,2,22.6,39,2,2021-12-01 09:34:40
1638351280652739000,22.6,4,22.55,2,22.6,35,1,2021-12-01 09:34:40
1638351280660537000,22.55,1,22.55,1,22.6,35,2,2021-12-01 09:34:40
1638351280873387000,22.55,1,22.5,70,22.6,35,2,2021-12-01 09:34:40
1638351280873387000,22.5,1,22.5,70,22.6,35,2,2021-12-01 09:34:40
1638351281106723000,22.6,1,22.5,70,22.6,34,1,2021-12-01 09:34:41
1638351281440348000,22.55,1,22.55,1,22.6,34,2,2021-12-01 09:34:41
1638351281847053000,22.6,10,22.55,1,22.6,24,1,2021-12-01 09:34:41
1638351282027123000,22.6,1,22.55,1,22.6,23,1,2021-12-01 09:34:42
1638351282362930000,22.6,1,22.55,1,22.6,22,1,2021-12-01 09:34:42
1638351282457908000,22.55,1,22.5,62,22.6,22,2,2021-12-01 09:34:42
1638351282951907000,22.6,5,22.5,53,22.6,17,1,2021-12-01 09:34:42
1638351283566540000,22.55,5,22.55,45,22.6,17,2,2021-12-01 09:34:43
1638351283639424000,22.6,2,22.55,45,22.6,15,1,2021-12-01 09:34:43
1638351283842536000,22.6,5,22.55,46,22.6,10,1,2021-12-01 09:34:43
1638351284405081000,22.6,1,22.55,46,22.6,9,1,2021-12-01 09:34:44
1638351284879462000,22.6,1,22.55,46,22.6,8,1,2021-12-01 09:34:44
1638351285122410000,22.6,5,22.55,49,22.6,3,1,2021-12-01 09:34:45
1638351285405863000,22.6,1,22.55,49,22.6,2,1,2021-12-01 09:34:45
1638351285605253000,22.6,2,22.6,3,22.65,8,1,2021-12-01 09:34:45
1638351285965582000,22.6,1,22.6,5,22.65,10,2,2021-12-01 09:34:45
1638351286086643000,22.6,1,22.6,5,22.65,10,2,2021-12-01 09:34:46
1638351286145749000,22.6,1,22.6,4,22.65,10,2,2021-12-01 09:34:46
1638351286465120000,22.6,1,22.6,5,22.65,10,2,2021-12-01 09:34:46
1638351286749772000,22.65,2,22.6,7,22.65,8,1,2021-12-01 09:34:46
1638351287713336000,22.65,3,22.6,15,22.65,5,1,2021-12-01 09:34:47
1638351287854385000,22.65,1,22.6,15,22.65,4,1,2021-12-01 09:34:47
1638351287892098000,22.65,4,22.65,2,22.7,11,1,2021-12-01 09:34:47
1638351288454874000,22.65,3,22.6,21,22.7,1,2,2021-12-01 09:34:48
1638351288454874000,22.6,7,22.6,21,22.7,1,2,2021-12-01 09:34:48
1638351288745981000,22.7,1,22.7,9,22.75,8,1,2021-12-01 09:34:48
1638351289854145000,22.75,4,22.7,10,22.75,13,1,2021-12-01 09:34:49
1638351289888158000,22.75,1,22.7,10,22.75,12,1,2021-12-01 09:34:49
1638351289906543000,22.75,1,22.7,10,22.75,11,1,2021-12-01 09:34:49
1638351289958921000,22.75,1,22.7,10,22.75,10,1,2021-12-01 09:34:49
1638351290220211000,22.75,1,22.7,12,22.75,9,1,2021-12-01 09:34:50
1638351290998909000,22.75,2,22.7,13,22.75,9,1,2021-12-01 09:34:50
1638351291088193000,22.75,2,22.7,13,22.75,7,1,2021-12-01 09:34:51
1638351291797117000,22.75,8,22.7,13,22.8,231,1,2021-12-01 09:34:51
1638351291797117000,22.8,12,22.7,13,22.8,231,1,2021-12-01 09:34:51
1638351291835823000,22.8,1,22.75,1,22.8,230,1,2021-12-01 09:34:51
1638351291904185000,22.8,1,22.75,1,22.8,229,1,2021-12-01 09:34:51
1638351292036820000,22.8,1,22.75,1,22.8,228,1,2021-12-01 09:34:52
1638351292135457000,22.8,100,22.75,3,22.8,128,1,2021-12-01 09:34:52
1638351292807475000,22.75,3,22.7,12,22.8,128,2,2021-12-01 09:34:52
1638351292807475000,22.7,2,22.7,12,22.8,128,2,2021-12-01 09:34:52
1638351292954375000,22.8,4,22.7,12,22.8,124,1,2021-12-01 09:34:52
1638351293960810000,22.7,1,22.7,4,22.8,124,2,2021-12-01 09:34:53
1638351294326345000,22.75,2,22.7,4,22.8,123,1,2021-12-01 09:34:54
1638351294326345000,22.8,1,22.7,4,22.8,123,1,2021-12-01 09:34:54
1638351294426563000,22.8,10,22.7,4,22.8,113,1,2021-12-01 09:34:54
1638351294739466000,22.8,10,22.75,3,22.8,103,1,2021-12-01 09:34:54
1638351295022586000,22.75,4,22.7,4,22.75,2,2,2021-12-01 09:34:55
1638351295889799000,22.75,2,22.7,5,22.75,1,1,2021-12-01 09:34:55
1638351296242393000,22.75,1,22.7,3,22.8,99,1,2021-12-01 09:34:56
1638351296242393000,22.8,4,22.7,3,22.8,99,1,2021-12-01 09:34:56
1638351296380028000,22.8,5,22.75,1,22.8,94,1,2021-12-01 09:34:56
1638351296409360000,22.75,1,22.65,17,22.7,6,2,2021-12-01 09:34:56
1638351296409360000,22.7,3,22.65,17,22.7,6,2,2021-12-01 09:34:56
1638351296410644000,22.7,6,22.65,17,22.8,90,1,2021-12-01 09:34:56
1638351296410644000,22.8,4,22.65,17,22.8,90,1,2021-12-01 09:34:56
1638351296841996000,22.75,1,22.65,17,22.8,88,2,2021-12-01 09:34:56
1638351296841996000,22.8,2,22.65,17,22.8,88,1,2021-12-01 09:34:56
1638351296942709000,22.75,1,22.65,17,22.8,85,2,2021-12-01 09:34:56
1638351296942709000,22.8,3,22.65,17,22.8,85,1,2021-12-01 09:34:56
1638351297008952000,22.8,1,22.65,17,22.8,84,1,2021-12-01 09:34:57
1638351297267526000,22.7,1,22.65,17,22.7,1,2,2021-12-01 09:34:57
1638351298110336000,22.7,1,22.65,18,22.75,5,1,2021-12-01 09:34:58
1638351298133560000,22.75,1,22.65,18,22.75,5,1,2021-12-01 09:34:58
1638351298911932000,22.75,1,22.65,18,22.75,11,1,2021-12-01 09:34:58
1638351299241624000,22.75,1,22.65,18,22.75,10,1,2021-12-01 09:34:59
1638351299258473000,22.7,2,22.65,18,22.7,8,2,2021-12-01 09:34:59
1638351299379874000,22.7,3,22.65,19,22.7,5,1,2021-12-01 09:34:59
1638351300213817000,22.7,10,22.65,15,22.7,1,1,2021-12-01 09:35:00
1638351300290729000,22.7,1,22.65,15,22.75,21,1,2021-12-01 09:35:00
1638351300591700000,22.65,13,22.65,2,22.75,25,2,2021-12-01 09:35:00
1638351300626573000,22.65,2,22.6,36,22.75,25,2,2021-12-01 09:35:00
1638351300791204000,22.7,1,22.6,36,22.75,25,1,2021-12-01 09:35:00
1638351300840510000,22.75,4,22.6,36,22.75,21,1,2021-12-01 09:35:00
1638351300922201000,22.75,2,22.6,36,22.75,19,1,2021-12-01 09:35:00
1638351301487622000,22.7,1,22.7,1,22.75,23,2,2021-12-01 09:35:01
1638351301493828000,22.75,1,22.7,1,22.75,22,1,2021-12-01 09:35:01
1638351301521155000,22.7,1,22.6,36,22.75,22,2,2021-12-01 09:35:01
1638351301626158000,22.6,5,22.6,31,22.7,1,2,2021-12-01 09:35:01
1638351302028387000,22.7,1,22.6,31,22.7,2,1,2021-12-01 09:35:02
1638351302375599000,22.7,1,22.65,1,22.7,1,1,2021-12-01 09:35:02
1638351302563175000,22.7,2,22.65,6,22.7,1,1,2021-12-01 09:35:02
1638351302698197000,22.7,3,22.65,6,22.75,27,1,2021-12-01 09:35:02
1638351302766620000,22.65,2,22.65,4,22.75,27,2,2021-12-01 09:35:02
1638351302834137000,22.75,10,22.65,4,22.75,17,1,2021-12-01 09:35:02
1638351302939733000,22.65,2,22.65,2,22.75,17,2,2021-12-01 09:35:02
1638351303072666000,22.75,1,22.65,2,22.75,16,1,2021-12-01 09:35:03
1638351303233658000,22.65,2,22.6,30,22.75,16,2,2021-12-01 09:35:03
1638351303335967000,22.75,2,22.6,30,22.75,16,1,2021-12-01 09:35:03
1638351303665941000,22.7,2,22.6,30,22.7,12,2,2021-12-01 09:35:03
1638351303785512000,22.65,1,22.6,30,22.65,4,2,2021-12-01 09:35:03
1638351303914803000,22.6,3,22.6,27,22.65,4,2,2021-12-01 09:35:03
1638351304728262000,22.65,1,22.6,27,22.65,9,1,2021-12-01 09:35:04
1638351305010762000,22.6,2,22.6,25,22.65,11,2,2021-12-01 09:35:05
1638351305110240000,22.65,5,22.6,25,22.65,6,1,2021-12-01 09:35:05
1638351305368020000,22.65,7,22.6,25,22.7,19,1,2021-12-01 09:35:05
1638351305984418000,22.7,5,22.6,25,22.7,17,1,2021-12-01 09:35:05
1638351306607006000,22.6,7,22.6,18,22.7,23,2,2021-12-01 09:35:06
1638351306985050000,22.7,10,22.6,18,22.7,18,1,2021-12-01 09:35:06
1638351307071054000,22.7,5,22.6,18,22.7,13,1,2021-12-01 09:35:07
1638351307600102000,22.6,1,22.6,17,22.65,1,2,2021-12-01 09:35:07
1638351307702833000,22.6,15,22.6,2,22.65,1,2,2021-12-01 09:35:07
1638351307731201000,22.6,2,22.55,48,22.65,1,2,2021-12-01 09:35:07
1638351307737443000,22.55,1,22.55,47,22.65,1,2,2021-12-01 09:35:07
1638351308147499000,22.65,2,22.55,47,22.7,18,1,2021-12-01 09:35:08
1638351308327658000,22.7,2,22.6,8,22.7,16,1,2021-12-01 09:35:08
1638351308786917000,22.65,1,22.6,8,22.7,17,2,2021-12-01 09:35:08
1638351309231816000,22.6,1,22.6,7,22.7,17,2,2021-12-01 09:35:09
1638351309684472000,22.65,1,22.6,7,22.65,14,1,2021-12-01 09:35:09
1638351309926078000,22.6,1,22.6,11,22.65,14,2,2021-12-01 09:35:09
1638351311086544000,22.65,3,22.6,16,22.65,19,1,2021-12-01 09:35:11
1638351311110408000,22.65,3,22.6,16,22.65,16,1,2021-12-01 09:35:11
1638351311555179000,22.6,1,22.6,17,22.65,16,2,2021-12-01 09:35:11
1638351312403656000,22.6,1,22.6,18,22.65,16,2,2021-12-01 09:35:12
1638351312971066000,22.6,1,22.6,18,22.65,16,2,2021-12-01 09:35:12
1638351313037140000,22.6,18,22.55,47,22.6,2,2,2021-12-01 09:35:13
1638351313837907000,22.6,1,22.55,47,22.6,1,1,2021-12-01 09:35:13
1638351314506791000,22.6,1,22.55,47,22.6,3,1,2021-12-01 09:35:14
1638351314607364000,22.6,2,22.55,47,22.6,1,1,2021-12-01 09:35:14
1638351314708194000,22.6,1,22.6,3,22.65,23,1,2021-12-01 09:35:14
1638351315232715000,22.6,1,22.6,2,22.65,23,2,2021-12-01 09:35:15
1638351315457387000,22.65,1,22.6,2,22.65,22,1,2021-12-01 09:35:15
1638351315804789000,22.65,2,22.6,2,22.65,20,1,2021-12-01 09:35:15
1638351315905729000,22.65,20,22.65,40,22.7,17,1,2021-12-01 09:35:15
1638351315969693000,22.65,1,22.65,39,22.7,17,2,2021-12-01 09:35:15
1638351316544412000,22.65,5,22.65,34,22.7,16,2,2021-12-01 09:35:16
1638351316581083000,22.7,2,22.65,34,22.7,14,1,2021-12-01 09:35:16
1638351316609729000,22.65,5,22.65,29,22.7,14,2,2021-12-01 09:35:16
1638351316786492000,22.7,2,22.65,29,22.7,12,1,2021-12-01 09:35:16
1638351316987538000,22.7,2,22.65,29,22.7,10,1,2021-12-01 09:35:16
1638351317084061000,22.7,2,22.65,29,22.7,8,1,2021-12-01 09:35:17
1638351317175240000,22.65,4,22.65,25,22.7,8,2,2021-12-01 09:35:17
1638351317295604000,22.7,2,22.65,25,22.7,6,1,2021-12-01 09:35:17
1638351317481082000,22.65,2,22.65,23,22.7,6,2,2021-12-01 09:35:17
1638351317942202000,22.65,2,22.65,21,22.7,7,2,2021-12-01 09:35:17
1638351317961599000,22.7,2,22.65,21,22.7,5,1,2021-12-01 09:35:17
1638351318023532000,22.65,5,22.65,16,22.7,5,2,2021-12-01 09:35:18
1638351318186775000,22.7,2,22.65,16,22.7,4,1,2021-12-01 09:35:18
1638351318692176000,22.65,1,22.65,15,22.7,3,2,2021-12-01 09:35:18
1638351320660219000,22.7,2,22.65,15,22.7,17,1,2021-12-01 09:35:20
1638351320882290000,22.7,1,22.65,15,22.7,16,1,2021-12-01 09:35:20
1638351321214871000,22.7,1,22.65,15,22.7,15,1,2021-12-01 09:35:21
1638351321295205000,22.65,3,22.65,12,22.7,16,2,2021-12-01 09:35:21
1638351321308263000,22.65,12,22.6,13,22.7,16,2,2021-12-01 09:35:21
1638351322819371000,22.65,2,22.6,18,22.7,22,2,2021-12-01 09:35:22
1638351323726580000,22.7,2,22.65,2,22.7,26,1,2021-12-01 09:35:23
1638351323782080000,22.65,2,22.6,19,22.65,3,2,2021-12-01 09:35:23
1638351324031935000,22.65,1,22.6,19,22.65,2,1,2021-12-01 09:35:24
1638351324700748000,22.65,1,22.6,19,22.65,11,1,2021-12-01 09:35:24
1638351324885883000,22.65,1,22.6,19,22.65,10,1,2021-12-01 09:35:24
1638351324953978000,22.6,1,22.6,18,22.65,10,2,2021-12-01 09:35:24
1638351326484513000,22.65,2,22.6,18,22.65,14,1,2021-12-01 09:35:26
1638351326494316000,22.6,5,22.6,13,22.65,14,2,2021-12-01 09:35:26
1638351326846881000,22.6,2,22.6,11,22.65,20,2,2021-12-01 09:35:26
1638351327984327000,22.6,1,22.6,10,22.65,21,2,2021-12-01 09:35:27
1638351328188288000,22.6,3,22.6,7,22.65,22,2,2021-12-01 09:35:28
1638351328219222000,22.6,7,22.55,47,22.65,22,2,2021-12-01 09:35:28
1638351328746081000,22.55,2,22.55,45,22.6,2,2,2021-12-01 09:35:28
1638351329797729000,22.6,4,22.55,45,22.6,8,1,2021-12-01 09:35:29
1638351329985552000,22.6,2,22.55,45,22.6,7,1,2021-12-01 09:35:29
1638351330846096000,22.6,2,22.55,45,22.6,16,1,2021-12-01 09:35:30
1638351332640355000,22.55,1,22.55,44,22.6,24,2,2021-12-01 09:35:32
1638351332651283000,22.55,10,22.55,34,22.6,24,2,2021-12-01 09:35:32
1638351332817436000,22.55,5,22.55,29,22.6,24,2,2021-12-01 09:35:32
1638351333379704000,22.6,1,22.55,29,22.6,25,1,2021-12-01 09:35:33
1638351333445169000,22.55,2,22.55,26,22.6,25,2,2021-12-01 09:35:33
1638351333533524000,22.55,2,22.55,24,22.6,25,2,2021-12-01 09:35:33
1638351333567633000,22.55,24,22.5,92,22.6,25,2,2021-12-01 09:35:33
1638351334206457000,22.55,1,22.55,1,22.6,25,2,2021-12-01 09:35:34
1638351334304027000,22.55,1,22.5,92,22.6,25,2,2021-12-01 09:35:34
1638351334398529000,22.5,3,22.5,89,22.6,25,2,2021-12-01 09:35:34
1638351335735941000,22.6,1,22.5,89,22.6,25,1,2021-12-01 09:35:35
1638351336812895000,22.55,1,22.5,87,22.55,2,2,2021-12-01 09:35:36
1638351336950659000,22.55,2,22.5,87,22.55,1,1,2021-12-01 09:35:36
1638351337304713000,22.5,4,22.5,83,22.55,1,2,2021-12-01 09:35:37
1638351338324274000,22.5,1,22.5,82,22.55,2,2,2021-12-01 09:35:38
1638351339319816000,22.55,3,22.5,83,22.6,25,1,2021-12-01 09:35:39
1638351339319816000,22.6,2,22.5,83,22.6,25,1,2021-12-01 09:35:39
1638351341556159000,22.55,5,22.5,80,22.6,26,2,2021-12-01 09:35:41
1638351341556159000,22.5,3,22.5,80,22.6,26,2,2021-12-01 09:35:41
