ts,close,volume,bid_price,bid_volume,ask_price,ask_volume,tick_type,datetime
1638349216464352000,89.2,889,89.1,1,89.3,56,1,2021-12-01 09:00:16
1638349216538950000,89.1,1,89.0,37,89.3,56,2,2021-12-01 09:00:16
1638349216538950000,89.0,2,89.0,37,89.3,56,2,2021-12-01 09:00:16
1638349216575556000,89.2,1,89.0,30,89.3,56,1,2021-12-01 09:00:16
1638349216575556000,89.0,7,89.0,30,89.3,56,2,2021-12-01 09:00:16
1638349216603029000,89.3,1,89.0,30,89.3,55,1,2021-12-01 09:00:16
1638349216643343000,89.0,3,89.0,27,89.3,56,2,2021-12-01 09:00:16
1638349216851638000,89.0,1,89.0,26,89.3,56,2,2021-12-01 09:00:16
1638349216852748000,89.3,1,89.0,26,89.3,55,1,2021-12-01 09:00:16
1638349217340172000,89.0,27,88.8,59,89.0,6,2,2021-12-01 09:00:17
1638349217737680000,88.9,1,88.8,59,88.9,10,2,2021-12-01 09:00:17
1638349217752399000,88.9,1,88.8,59,88.9,9,1,2021-12-01 09:00:17
1638349217887716000,88.9,1,88.8,59,88.9,8,1,2021-12-01 09:00:17
1638349217922769000,88.9,4,88.8,59,88.9,4,1,2021-12-01 09:00:17
1638349218575674000,88.9,1,88.8,59,88.9,4,1,2021-12-01 09:00:18
1638349218713451000,88.8,1,88.8,58,88.9,5,2,2021-12-01 09:00:18
1638349218780750000,88.9,1,88.8,58,88.9,4,1,2021-12-01 09:00:18
1638349218807448000,88.8,10,88.8,48,88.9,4,2,2021-12-01 09:00:18
1638349218879359000,88.9,1,88.8,48,88.9,3,1,2021-12-01 09:00:18
1638349218952436000,88.9,1,88.8,48,88.9,2,1,2021-12-01 09:00:18
1638349218970378000,88.9,2,88.8,48,89.0,6,1,2021-12-01 09:00:18
1638349219368160000,88.9,2,88.8,49,89.0,6,1,2021-12-01 09:00:19
1638349219369522000,89.0,3,88.8,49,89.0,3,1,2021-12-01 09:00:19
1638349219477587000,88.8,1,88.8,48,89.0,3,2,2021-12-01 09:00:19
1638349220195740000,89.0,3,88.9,3,89.3,49,1,2021-12-01 09:00:20
1638349221260373000,89.3,1,89.2,2,89.3,48,1,2021-12-01 09:00:21
1638349221781135000,89.2,1,89.2,1,89.3,48,2,2021-12-01 09:00:21
1638349222025907000,89.3,2,89.2,1,89.3,46,1,2021-12-01 09:00:22
1638349222165673000,89.3,5,89.2,1,89.3,41,1,2021-12-01 09:00:22
1638349222229300000,89.3,2,89.2,1,89.3,39,1,2021-12-01 09:00:22
1638349222637023000,89.2,1,89.1,3,89.3,39,2,2021-12-01 09:00:22
1638349222637023000,89.1,1,89.1,3,89.3,39,2,2021-12-01 09:00:22
1638349223052314000,89.3,5,89.1,3,89.3,34,1,2021-12-01 09:00:23
1638349223301156000,89.3,2,89.1,3,89.3,32,1,2021-12-01 09:00:23
1638349223426177000,89.3,2,89.1,3,89.3,30,1,2021-12-01 09:00:23
1638349223963154000,89.3,1,89.1,3,89.3,29,1,2021-12-01 09:00:23
1638349224024274000,89.3,1,89.1,3,89.3,28,1,2021-12-01 09:00:24
1638349224053709000,89.3,28,89.1,3,89.4,93,1,2021-12-01 09:00:24
1638349224115671000,89.4,2,89.1,3,89.4,91,1,2021-12-01 09:00:24
1638349224466414000,89.3,1,89.1,3,89.3,4,2,2021-12-01 09:00:24
1638349224628626000,89.1,2,89.1,1,89.3,4,2,2021-12-01 09:00:24
1638349224706956000,89.3,4,89.2,5,89.4,85,1,2021-12-01 09:00:24
1638349224706956000,89.4,6,89.2,5,89.4,85,1,2021-12-01 09:00:24
1638349224891305000,89.4,1,89.3,3,89.4,84,1,2021-12-01 09:00:24
1638349224902767000,89.3,1,89.3,2,89.4,84,2,2021-12-01 09:00:24
1638349225271351000,89.4,1,89.3,4,89.4,83,1,2021-12-01 09:00:25
1638349225278772000,89.4,1,89.3,4,89.4,82,1,2021-12-01 09:00:25
1638349225708121000,89.4,10,89.3,4,89.4,72,1,2021-12-01 09:00:25
1638349225962502000,89.4,1,89.3,4,89.4,71,1,2021-12-01 09:00:25
1638349225979834000,89.4,1,89.3,4,89.4,70,1,2021-12-01 09:00:25
1638349226449679000,89.3,1,89.3,5,89.4,70,2,2021-12-01 09:00:26
1638349226559735000,89.3,1,89.3,6,89.4,70,2,2021-12-01 09:00:26
1638349226767278000,89.4,1,89.3,6,89.4,69,1,2021-12-01 09:00:26
1638349226852106000,89.4,5,89.3,6,89.4,64,1,2021-12-01 09:00:26
1638349226974984000,89.3,1,89.3,5,89.4,64,2,2021-12-01 09:00:26
1638349226980609000,89.4,1,89.3,5,89.4,63,1,2021-12-01 09:00:26
1638349226996854000,89.4,1,89.3,5,89.4,62,1,2021-12-01 09:00:26
1638349227122724000,89.4,1,89.3,5,89.4,61,1,2021-12-01 09:00:27
1638349227126425000,89.4,1,89.3,5,89.4,60,1,2021-12-01 09:00:27
1638349227425870000,89.3,1,89.3,7,89.4,60,2,2021-12-01 09:00:27
1638349227439461000,89.3,7,89.3,1,89.4,60,2,2021-12-01 09:00:27
1638349227446589000,89.4,1,89.3,1,89.4,59,1,2021-12-01 09:00:27
1638349227584912000,89.4,1,89.3,1,89.4,58,1,2021-12-01 09:00:27
1638349227696468000,89.4,1,89.3,1,89.4,57,1,2021-12-01 09:00:27
1638349227856113000,89.4,1,89.3,1,89.4,56,1,2021-12-01 09:00:27
1638349227863800000,89.4,2,89.3,1,89.4,54,1,2021-12-01 09:00:27
1638349227907752000,89.4,2,89.3,2,89.4,52,1,2021-12-01 09:00:27
1638349227926430000,89.3,1,89.3,1,89.4,52,2,2021-12-01 09:00:27
1638349228067988000,89.4,8,89.3,1,89.4,44,1,2021-12-01 09:00:28
1638349228260573000,89.4,4,89.3,3,89.4,40,1,2021-12-01 09:00:28
1638349228261138000,89.4,40,89.3,3,89.5,102,1,2021-12-01 09:00:28
1638349228326894000,89.5,1,89.3,3,89.5,101,1,2021-12-01 09:00:28
1638349228477019000,89.5,1,89.3,3,89.5,101,1,2021-12-01 09:00:28
1638349228553952000,89.5,3,89.3,3,89.5,98,1,2021-12-01 09:00:28
1638349228619104000,89.3,4,89.2,8,89.3,1,2,2021-12-01 09:00:28
1638349228701187000,89.3,1,89.2,8,89.5,98,1,2021-12-01 09:00:28
1638349228782540000,89.5,1,89.3,3,89.5,97,1,2021-12-01 09:00:28
1638349228783173000,89.5,1,89.3,3,89.5,96,1,2021-12-01 09:00:28
1638349228886233000,89.4,1,89.3,3,89.5,96,2,2021-12-01 09:00:28
1638349228957574000,89.5,1,89.3,3,89.5,95,1,2021-12-01 09:00:28
1638349229016842000,89.3,3,89.2,3,89.5,95,2,2021-12-01 09:00:29
1638349229016842000,89.2,5,89.2,3,89.5,95,2,2021-12-01 09:00:29
1638349229194419000,89.5,1,89.3,1,89.5,94,1,2021-12-01 09:00:29
1638349229276880000,89.3,1,89.2,2,89.5,94,2,2021-12-01 09:00:29
1638349229276880000,89.2,1,89.2,2,89.5,94,2,2021-12-01 09:00:29
1638349229299787000,89.5,1,89.2,2,89.5,93,1,2021-12-01 09:00:29
1638349229368146000,89.5,1,89.2,2,89.5,92,1,2021-12-01 09:00:29
1638349229404322000,89.5,1,89.2,2,89.5,91,1,2021-12-01 09:00:29
1638349229456516000,89.5,1,89.3,1,89.5,90,1,2021-12-01 09:00:29
1638349229510258000,89.5,1,89.3,1,89.5,89,1,2021-12-01 09:00:29
1638349229513541000,89.5,1,89.3,1,89.5,88,1,2021-12-01 09:00:29
1638349229716858000,89.5,1,89.3,2,89.5,87,1,2021-12-01 09:00:29
1638349229787926000,89.5,1,89.3,2,89.5,86,1,2021-12-01 09:00:29
1638349229819322000,89.5,1,89.3,2,89.5,85,1,2021-12-01 09:00:29
1638349229863831000,89.5,10,89.3,2,89.5,75,1,2021-12-01 09:00:29
1638349229900914000,89.5,1,89.3,2,89.5,74,1,2021-12-01 09:00:29
1638349229901145000,89.3,2,89.2,2,89.5,74,2,2021-12-01 09:00:29
1638349229986027000,89.5,1,89.4,2,89.5,73,1,2021-12-01 09:00:29
1638349229998087000,89.5,2,89.4,2,89.5,71,1,2021-12-01 09:00:29
1638349230015050000,89.5,10,89.4,2,89.5,61,1,2021-12-01 09:00:30
1638349230160228000,89.5,20,89.4,2,89.5,41,1,2021-12-01 09:00:30
1638349230195764000,89.5,7,89.4,2,89.5,34,1,2021-12-01 09:00:30
1638349230263204000,89.5,3,89.4,2,89.5,31,1,2021-12-01 09:00:30
1638349230306424000,89.4,1,89.4,1,89.5,31,2,2021-12-01 09:00:30
1638349230543108000,89.5,1,89.4,1,89.5,30,1,2021-12-01 09:00:30
1638349230567595000,89.5,4,89.4,1,89.5,26,1,2021-12-01 09:00:30
1638349230593080000,89.5,1,89.4,1,89.5,25,1,2021-12-01 09:00:30
1638349230630105000,89.5,2,89.4,1,89.5,23,1,2021-12-01 09:00:30
1638349230640672000,89.5,12,89.4,1,89.5,11,1,2021-12-01 09:00:30
1638349230652541000,89.5,3,89.4,1,89.5,8,1,2021-12-01 09:00:30
1638349230676715000,89.5,8,89.5,2,89.6,3,1,2021-12-01 09:00:30
1638349230718678000,89.6,1,89.5,2,89.6,2,1,2021-12-01 09:00:30
1638349230821740000,89.6,1,89.5,2,89.6,1,1,2021-12-01 09:00:30
1638349231177062000,89.6,1,89.5,3,89.8,1,1,2021-12-01 09:00:31
1638349231247323000,89.8,1,89.5,3,89.9,31,1,2021-12-01 09:00:31
1638349231277875000,89.5,1,89.5,2,89.9,31,2,2021-12-01 09:00:31
1638349231289938000,89.5,1,89.5,1,89.9,31,2,2021-12-01 09:00:31
1638349231494380000,89.9,1,89.6,3,89.9,30,1,2021-12-01 09:00:31
1638349231516783000,89.6,3,89.4,6,89.9,30,2,2021-12-01 09:00:31
1638349231516783000,89.5,3,89.4,6,89.9,30,2,2021-12-01 09:00:31
1638349231516783000,89.4,4,89.4,6,89.9,30,2,2021-12-01 09:00:31
1638349231809289000,89.5,1,89.5,7,89.8,3,1,2021-12-01 09:00:31
1638349231834090000,89.8,1,89.5,7,89.8,2,1,2021-12-01 09:00:31
1638349231857552000,89.5,1,89.5,6,89.8,2,2,2021-12-01 09:00:31
1638349231870996000,89.5,2,89.5,4,89.8,2,2,2021-12-01 09:00:31
1638349231877626000,89.5,1,89.5,3,89.8,2,2,2021-12-01 09:00:31
1638349232044225000,89.8,2,89.5,2,89.8,6,1,2021-12-01 09:00:32
1638349232066386000,89.8,6,89.5,2,89.9,26,1,2021-12-01 09:00:32
1638349232066386000,89.9,4,89.5,2,89.9,26,1,2021-12-01 09:00:32
1638349232266856000,89.9,1,89.6,1,89.9,25,1,2021-12-01 09:00:32
1638349232475186000,89.8,2,89.6,1,89.9,22,2,2021-12-01 09:00:32
1638349232475186000,89.9,3,89.6,1,89.9,22,1,2021-12-01 09:00:32
1638349232695831000,89.9,1,89.6,11,89.9,21,1,2021-12-01 09:00:32
1638349232747159000,89.9,1,89.6,11,89.9,20,1,2021-12-01 09:00:32
1638349232930423000,89.8,2,89.7,5,89.8,3,2,2021-12-01 09:00:32
1638349233474226000,89.8,3,89.7,5,89.9,18,1,2021-12-01 09:00:33
1638349233474226000,89.9,2,89.7,5,89.9,18,1,2021-12-01 09:00:33
1638349233538343000,89.9,1,89.7,5,89.9,17,1,2021-12-01 09:00:33
1638349233810412000,89.7,1,89.7,4,89.9,17,2,2021-12-01 09:00:33
1638349234127919000,89.8,1,89.7,13,89.9,17,1,2021-12-01 09:00:34
1638349234165512000,89.8,1,89.7,13,89.8,5,1,2021-12-01 09:00:34
1638349234212688000,89.8,1,89.7,13,89.8,4,1,2021-12-01 09:00:34
1638349234289526000,89.8,1,89.7,13,89.8,9,1,2021-12-01 09:00:34
1638349234290160000,89.8,1,89.7,13,89.8,8,1,2021-12-01 09:00:34
1638349234424727000,89.8,1,89.7,13,89.8,7,1,2021-12-01 09:00:34
1638349234545704000,89.8,7,89.7,13,89.9,16,1,2021-12-01 09:00:34
1638349234545704000,89.9,6,89.7,13,89.9,16,1,2021-12-01 09:00:34
1638349234689811000,89.9,1,89.7,13,89.9,14,1,2021-12-01 09:00:34
1638349234702027000,89.9,5,89.7,13,89.9,9,1,2021-12-01 09:00:34
1638349234744565000,89.9,6,89.7,13,89.9,3,1,2021-12-01 09:00:34
1638349234963104000,89.9,2,89.7,15,89.9,1,1,2021-12-01 09:00:34
1638349235147910000,89.9,1,89.8,1,90.0,32,1,2021-12-01 09:00:35
1638349235147910000,90.0,9,89.8,1,90.0,32,1,2021-12-01 09:00:35
1638349235155642000,90.0,10,89.8,1,90.0,22,1,2021-12-01 09:00:35
1638349235246176000,90.0,1,89.9,1,90.0,21,1,2021-12-01 09:00:35
1638349235769499000,89.9,1,89.8,1,90.0,21,2,2021-12-01 09:00:35
1638349236033522000,89.8,1,89.8,2,90.0,21,2,2021-12-01 09:00:36
1638349236037581000,90.0,2,89.8,2,90.0,19,1,2021-12-01 09:00:36
1638349236174183000,90.0,3,89.8,4,90.0,16,1,2021-12-01 09:00:36
1638349236306371000,90.0,1,89.9,1,90.0,15,1,2021-12-01 09:00:36
1638349236313451000,90.0,1,89.9,1,90.0,14,1,2021-12-01 09:00:36
1638349236488593000,90.0,1,89.9,1,90.0,13,1,2021-12-01 09:00:36
1638349236658341000,90.0,1,89.9,1,90.0,22,1,2021-12-01 09:00:36
1638349236670612000,90.0,1,89.9,1,90.0,21,1,2021-12-01 09:00:36
1638349236721106000,90.0,1,89.9,4,90.0,20,1,2021-12-01 09:00:36
1638349236945937000,90.0,1,89.9,5,90.0,19,1,2021-12-01 09:00:36
1638349237159570000,90.0,1,89.9,10,90.0,28,1,2021-12-01 09:00:37
1638349237278875000,90.0,1,89.9,10,90.0,37,1,2021-12-01 09:00:37
1638349237299622000,90.0,1,89.9,10,90.0,36,1,2021-12-01 09:00:37
1638349237393594000,90.0,1,89.9,13,90.0,35,1,2021-12-01 09:00:37
1638349237402082000,90.0,1,89.9,13,90.0,44,1,2021-12-01 09:00:37
1638349237525564000,90.0,1,89.9,14,90.0,43,1,2021-12-01 09:00:37
1638349237649378000,90.0,1,89.9,14,90.0,52,1,2021-12-01 09:00:37
1638349237803019000,90.0,52,89.9,18,90.2,5,1,2021-12-01 09:00:37
1638349238230710000,90.2,1,90.0,4,90.2,4,1,2021-12-01 09:00:38
1638349238368102000,90.0,3,90.0,2,90.2,4,2,2021-12-01 09:00:38
1638349238476884000,90.2,1,90.0,13,90.2,3,1,2021-12-01 09:00:38
1638349238505518000,90.2,3,90.0,13,90.3,2,1,2021-12-01 09:00:38
1638349238514959000,90.3,2,90.0,13,90.4,2,1,2021-12-01 09:00:38
1638349238514959000,90.4,3,90.0,13,90.4,2,1,2021-12-01 09:00:38
1638349238563953000,90.0,1,90.0,13,90.4,2,2,2021-12-01 09:00:38
1638349238689448000,90.1,2,90.0,13,90.4,2,1,2021-12-01 09:00:38
1638349238903827000,90.4,1,90.1,1,90.4,1,1,2021-12-01 09:00:38
1638349239086151000,90.2,10,90.1,1,90.4,2,2,2021-12-01 09:00:39
1638349239180185000,90.4,1,90.1,1,90.4,1,1,2021-12-01 09:00:39
1638349239223402000,90.4,1,90.1,1,90.5,9,1,2021-12-01 09:00:39
1638349239297699000,90.1,1,90.1,9,90.5,9,2,2021-12-01 09:00:39
1638349239310981000,90.1,9,90.0,28,90.5,9,2,2021-12-01 09:00:39
1638349239310981000,90.0,1,90.0,28,90.5,9,2,2021-12-01 09:00:39
1638349239686186000,90.3,1,90.1,2,90.3,9,1,2021-12-01 09:00:39
1638349239738543000,90.3,1,90.1,2,90.3,8,1,2021-12-01 09:00:39
1638349239848023000,90.2,1,90.1,2,90.3,8,2,2021-12-01 09:00:39
1638349239898055000,90.1,1,90.1,1,90.3,8,2,2021-12-01 09:00:39
1638349240019549000,90.3,2,90.1,2,90.3,6,1,2021-12-01 09:00:40
1638349240045285000,90.3,1,90.1,2,90.3,5,1,2021-12-01 09:00:40
1638349240184373000,90.3,1,90.1,2,90.3,4,1,2021-12-01 09:00:40
1638349240470934000,90.1,2,90.0,42,90.2,1,2,2021-12-01 09:00:40
1638349240510180000,90.2,2,90.0,42,90.2,2,1,2021-12-01 09:00:40
1638349240894339000,90.0,1,90.0,65,90.2,2,2,2021-12-01 09:00:40
1638349240899584000,90.2,1,90.0,65,90.2,1,1,2021-12-01 09:00:40
1638349240907890000,90.2,1,90.0,65,90.3,6,1,2021-12-01 09:00:40
1638349241079245000,90.1,1,90.0,66,90.1,1,2,2021-12-01 09:00:41
1638349241176445000,90.0,2,90.0,64,90.1,1,2,2021-12-01 09:00:41
1638349241201938000,90.0,8,90.0,56,90.1,1,2,2021-12-01 09:00:41
1638349241231974000,90.0,5,90.0,51,90.1,1,2,2021-12-01 09:00:41
1638349241242186000,90.0,46,90.0,5,90.1,1,2,2021-12-01 09:00:41
1638349241274261000,90.0,5,89.9,29,90.1,1,2,2021-12-01 09:00:41
1638349241292621000,90.0,1,89.9,29,90.0,1,1,2021-12-01 09:00:41
1638349241338117000,90.0,1,89.9,33,90.1,1,1,2021-12-01 09:00:41
1638349241339767000,90.1,1,89.9,33,90.3,6,1,2021-12-01 09:00:41
1638349241372826000,89.9,1,89.9,32,90.3,6,2,2021-12-01 09:00:41
1638349241391865000,90.3,1,89.9,32,90.3,5,1,2021-12-01 09:00:41
1638349241562747000,90.2,5,90.1,2,90.3,1,2,2021-12-01 09:00:41
1638349241562747000,90.3,5,90.1,2,90.3,1,1,2021-12-01 09:00:41
1638349241583298000,90.1,2,90.0,3,90.1,7,2,2021-12-01 09:00:41
1638349241604834000,90.2,1,90.0,3,90.2,6,1,2021-12-01 09:00:41
1638349241616355000,90.0,4,89.9,30,90.3,1,2,2021-12-01 09:00:41
1638349241616355000,89.9,2,89.9,30,90.3,1,2,2021-12-01 09:00:41
1638349241629375000,89.9,2,89.9,28,90.3,1,2,2021-12-01 09:00:41
1638349241992993000,90.2,1,90.1,2,90.2,3,1,2021-12-01 09:00:41
1638349242320466000,90.2,1,90.1,2,90.2,2,1,2021-12-01 09:00:42
1638349242397724000,90.1,2,89.9,29,90.2,7,2,2021-12-01 09:00:42
1638349242397724000,90.0,8,89.9,29,90.2,7,2,2021-12-01 09:00:42
1638349242449735000,90.2,1,89.9,31,90.2,6,1,2021-12-01 09:00:42
1638349242503605000,90.2,1,89.9,31,90.2,5,1,2021-12-01 09:00:42
1638349242526649000,90.2,2,89.9,31,90.2,3,1,2021-12-01 09:00:42
1638349242556706000,90.2,1,90.0,1,90.2,2,1,2021-12-01 09:00:42
1638349242817095000,90.2,5,90.0,3,90.2,2,1,2021-12-01 09:00:42
1638349242962694000,90.0,1,90.0,3,90.2,2,2,2021-12-01 09:00:42
1638349242986304000,90.0,1,90.0,2,90.2,2,2,2021-12-01 09:00:42
1638349243045090000,90.0,2,89.9,22,90.2,2,2,2021-12-01 09:00:43
1638349243045090000,89.9,8,89.9,22,90.2,2,2,2021-12-01 09:00:43
1638349243144445000,90.2,1,90.0,2,90.2,1,1,2021-12-01 09:00:43
1638349243173975000,90.2,1,90.0,2,90.3,1,1,2021-12-01 09:00:43
1638349243332663000,90.2,1,90.0,4,90.2,2,1,2021-12-01 09:00:43
1638349243392912000,90.2,2,90.0,4,90.3,1,1,2021-12-01 09:00:43
1638349243426819000,90.3,1,90.0,4,90.4,7,1,2021-12-01 09:00:43
1638349243436028000,90.4,1,90.0,4,90.4,6,1,2021-12-01 09:00:43
1638349243558954000,90.1,1,90.0,8,90.1,11,2,2021-12-01 09:00:43
1638349243671009000,90.1,1,90.0,9,90.1,10,1,2021-12-01 09:00:43
1638349243756987000,90.0,3,90.0,6,90.1,10,2,2021-12-01 09:00:43
1638349243842432000,90.1,1,90.0,7,90.1,9,1,2021-12-01 09:00:43
1638349243915646000,90.1,3,90.0,7,90.1,6,1,2021-12-01 09:00:43
1638349243947097000,90.1,1,90.0,7,90.1,5,1,2021-12-01 09:00:43
1638349243955867000,90.1,1,90.0,7,90.1,4,1,2021-12-01 09:00:43
1638349244327264000,90.1,1,90.0,9,90.1,5,1,2021-12-01 09:00:44
1638349244473992000,90.0,1,90.0,8,90.1,5,2,2021-12-01 09:00:44
1638349244525444000,90.0,1,90.0,7,90.1,5,2,2021-12-01 09:00:44
1638349244634971000,90.1,1,90.0,8,90.1,4,1,2021-12-01 09:00:44
1638349244650455000,90.1,4,90.0,8,90.4,4,1,2021-12-01 09:00:44
1638349244650455000,90.2,1,90.0,8,90.4,4,1,2021-12-01 09:00:44
1638349244650455000,90.3,5,90.0,8,90.4,4,1,2021-12-01 09:00:44
1638349244672503000,90.4,1,90.0,8,90.4,3,1,2021-12-01 09:00:44
1638349244809401000,90.3,1,90.0,8,90.4,3,2,2021-12-01 09:00:44
1638349244915349000,90.2,1,90.0,9,90.2,1,2,2021-12-01 09:00:44
1638349244996342000,90.2,1,90.0,10,90.4,3,1,2021-12-01 09:00:44
1638349245032322000,90.4,1,90.0,10,90.4,2,1,2021-12-01 09:00:45
1638349245106626000,90.2,1,90.1,1,90.4,1,2,2021-12-01 09:00:45
1638349245106626000,90.4,1,90.1,1,90.4,1,1,2021-12-01 09:00:45
1638349245343147000,90.2,2,90.2,1,90.4,3,2,2021-12-01 09:00:45
1638349245412355000,90.2,1,90.0,12,90.4,3,2,2021-12-01 09:00:45
1638349245412355000,90.1,1,90.0,12,90.4,3,2,2021-12-01 09:00:45
1638349245412355000,90.0,4,90.0,12,90.4,3,2,2021-12-01 09:00:45
1638349245546686000,90.0,5,90.0,8,90.4,3,2,2021-12-01 09:00:45
1638349245930760000,90.3,1,90.2,6,90.3,9,1,2021-12-01 09:00:45
1638349245966517000,90.3,2,90.2,6,90.3,7,1,2021-12-01 09:00:45
1638349246084803000,90.3,1,90.2,6,90.3,6,1,2021-12-01 09:00:46
1638349246262284000,90.3,1,90.2,6,90.3,5,1,2021-12-01 09:00:46
1638349246557786000,90.3,1,90.2,6,90.3,4,1,2021-12-01 09:00:46
1638349246587635000,90.2,2,90.2,4,90.3,4,2,2021-12-01 09:00:46
1638349246628338000,90.2,4,90.0,28,90.3,4,2,2021-12-01 09:00:46
1638349246628338000,90.1,4,90.0,28,90.3,4,2,2021-12-01 09:00:46
1638349246628338000,90.0,2,90.0,28,90.3,4,2,2021-12-01 09:00:46
1638349246775503000,90.2,1,90.0,28,90.3,4,1,2021-12-01 09:00:46
1638349247129493000,90.2,2,90.2,8,90.3,4,2,2021-12-01 09:00:47
1638349247392932000,90.2,2,90.2,8,90.3,4,2,2021-12-01 09:00:47
1638349247416097000,90.2,1,90.2,7,90.3,4,2,2021-12-01 09:00:47
1638349247552169000,90.2,1,90.2,9,90.3,14,2,2021-12-01 09:00:47
1638349247564455000,90.3,5,90.2,9,90.3,9,1,2021-12-01 09:00:47
1638349247577409000,90.3,1,90.2,9,90.3,8,1,2021-12-01 09:00:47
1638349247592185000,90.3,8,90.2,9,90.4,8,1,2021-12-01 09:00:47
1638349247652725000,90.4,2,90.2,9,90.4,6,1,2021-12-01 09:00:47
1638349247799765000,90.3,1,90.2,9,90.4,6,2,2021-12-01 09:00:47
1638349247850349000,90.4,2,90.2,9,90.4,4,1,2021-12-01 09:00:47
1638349247942328000,90.2,1,90.2,13,90.4,4,2,2021-12-01 09:00:47
1638349248447933000,90.3,1,90.3,2,90.4,4,1,2021-12-01 09:00:48
1638349248553174000,90.3,1,90.3,1,90.4,4,2,2021-12-01 09:00:48
1638349248619568000,90.4,2,90.3,1,90.4,2,1,2021-12-01 09:00:48
1638349248824100000,90.3,1,90.2,13,90.4,2,2,2021-12-01 09:00:48
1638349248912933000,90.4,1,90.3,6,90.4,1,1,2021-12-01 09:00:48
1638349248972077000,90.4,1,90.4,11,90.5,60,1,2021-12-01 09:00:48
1638349248984157000,90.5,1,90.4,11,90.5,59,1,2021-12-01 09:00:48
1638349249132641000,90.4,1,90.4,10,90.5,59,2,2021-12-01 09:00:49
1638349249335486000,90.5,1,90.4,10,90.5,58,1,2021-12-01 09:00:49
1638349249542822000,90.4,10,90.3,6,90.5,58,2,2021-12-01 09:00:49
1638349249543523000,90.5,1,90.3,6,90.5,57,1,2021-12-01 09:00:49
1638349249635297000,90.5,1,90.3,6,90.5,56,1,2021-12-01 09:00:49
1638349249637474000,90.5,2,90.3,6,90.5,54,1,2021-12-01 09:00:49
1638349249655857000,90.3,5,90.3,1,90.5,54,2,2021-12-01 09:00:49
1638349249747121000,90.3,1,90.2,14,90.5,54,2,2021-12-01 09:00:49
1638349249747121000,90.2,1,90.2,14,90.5,54,2,2021-12-01 09:00:49
1638349250230511000,90.4,1,90.4,1,90.5,54,1,2021-12-01 09:00:50
1638349250851377000,90.5,5,90.4,2,90.5,49,1,2021-12-01 09:00:50
1638349250944836000,90.4,1,90.4,2,90.5,49,2,2021-12-01 09:00:50
1638349251236570000,90.4,2,90.2,14,90.5,49,2,2021-12-01 09:00:51
1638349251236570000,90.3,2,90.2,14,90.5,49,2,2021-12-01 09:00:51
1638349251452126000,90.5,1,90.2,14,90.5,48,1,2021-12-01 09:00:51
1638349251588475000,90.5,1,90.3,1,90.5,47,1,2021-12-01 09:00:51
1638349251745523000,90.5,5,90.3,1,90.5,42,1,2021-12-01 09:00:51
1638349251854664000,90.4,1,90.3,1,90.5,42,2,2021-12-01 09:00:51
1638349252064065000,90.4,1,90.3,1,90.5,42,2,2021-12-01 09:00:52
1638349252252291000,90.5,1,90.4,2,90.5,43,1,2021-12-01 09:00:52
1638349252282024000,90.5,1,90.4,2,90.5,42,1,2021-12-01 09:00:52
1638349252758137000,90.5,1,90.4,4,90.5,42,1,2021-12-01 09:00:52
1638349252779354000,90.4,1,90.4,3,90.5,42,2,2021-12-01 09:00:52
1638349252872994000,90.5,4,90.4,3,90.5,38,1,2021-12-01 09:00:52
1638349252902818000,90.4,1,90.4,2,90.5,38,2,2021-12-01 09:00:52
1638349253105002000,90.4,1,90.4,1,90.5,38,2,2021-12-01 09:00:53
1638349253133400000,90.4,1,90.3,13,90.5,38,2,2021-12-01 09:00:53
1638349253175757000,90.5,1,90.3,13,90.5,37,1,2021-12-01 09:00:53
1638349253191409000,90.5,1,90.3,13,90.5,36,1,2021-12-01 09:00:53
1638349253421393000,90.5,1,90.3,13,90.5,35,1,2021-12-01 09:00:53
1638349253471772000,90.5,1,90.4,5,90.5,34,1,2021-12-01 09:00:53
1638349253528375000,90.5,1,90.4,5,90.5,33,1,2021-12-01 09:00:53
1638349253557907000,90.5,6,90.4,8,90.5,27,1,2021-12-01 09:00:53
1638349253617988000,90.4,8,90.3,6,90.5,27,2,2021-12-01 09:00:53
1638349253617988000,90.3,7,90.3,6,90.5,27,2,2021-12-01 09:00:53
1638349253798276000,90.5,1,90.4,2,90.5,26,1,2021-12-01 09:00:53
1638349253816298000,90.5,5,90.4,2,90.5,21,1,2021-12-01 09:00:53
1638349253939233000,90.5,5,90.4,3,90.5,16,1,2021-12-01 09:00:53
1638349253989122000,90.5,1,90.4,3,90.5,15,1,2021-12-01 09:00:53
1638349254068217000,90.4,1,90.4,3,90.5,15,2,2021-12-01 09:00:54
1638349254390380000,90.5,1,90.4,7,90.5,14,1,2021-12-01 09:00:54
1638349254448282000,90.4,1,90.4,6,90.5,14,2,2021-12-01 09:00:54
1638349254532469000,90.5,1,90.4,6,90.5,13,1,2021-12-01 09:00:54
1638349254632497000,90.5,2,90.4,6,90.5,11,1,2021-12-01 09:00:54
1638349254759740000,90.5,1,90.4,6,90.5,10,1,2021-12-01 09:00:54
1638349254763143000,90.5,5,90.4,6,90.5,5,1,2021-12-01 09:00:54
1638349254866527000,90.5,2,90.4,6,90.5,3,1,2021-12-01 09:00:54
1638349254894952000,90.5,2,90.4,6,90.5,11,1,2021-12-01 09:00:54
1638349254937147000,90.5,3,90.4,6,90.5,8,1,2021-12-01 09:00:54
1638349254960240000,90.5,2,90.4,6,90.5,6,1,2021-12-01 09:00:54
1638349255096919000,90.5,1,90.4,7,90.5,15,1,2021-12-01 09:00:55
1638349255170451000,90.5,1,90.4,7,90.5,14,1,2021-12-01 09:00:55
1638349255364844000,90.5,1,90.4,7,90.5,13,1,2021-12-01 09:00:55
1638349255565999000,90.5,1,90.4,8,90.5,12,1,2021-12-01 09:00:55
1638349255642612000,90.5,1,90.4,8,90.5,11,1,2021-12-01 09:00:55
1638349255692857000,90.4,1,90.4,7,90.5,11,2,2021-12-01 09:00:55
1638349255742644000,90.5,1,90.4,7,90.5,10,1,2021-12-01 09:00:55
1638349255793171000,90.5,1,90.4,7,90.5,9,1,2021-12-01 09:00:55
1638349255831204000,90.5,1,90.4,9,90.5,8,1,2021-12-01 09:00:55
1638349255865960000,90.5,1,90.4,9,90.5,7,1,2021-12-01 09:00:55
1638349255889923000,90.5,2,90.4,9,90.5,5,1,2021-12-01 09:00:55
1638349255977432000,90.5,5,90.4,9,90.6,2,1,2021-12-01 09:00:55
1638349256133383000,90.6,1,90.4,10,90.6,1,1,2021-12-01 09:00:56
1638349256177626000,90.4,1,90.4,9,90.6,1,2,2021-12-01 09:00:56
1638349256368519000,90.4,1,90.4,10,90.6,1,2,2021-12-01 09:00:56
1638349256386778000,90.6,1,90.4,10,90.7,2,1,2021-12-01 09:00:56
1638349256431597000,90.4,1,90.4,9,90.7,2,2,2021-12-01 09:00:56
1638349256496453000,90.4,5,90.4,6,90.7,2,2,2021-12-01 09:00:56
1638349256601215000,90.7,2,90.4,7,90.8,1,1,2021-12-01 09:00:56
1638349256601215000,90.8,1,90.4,7,90.8,1,1,2021-12-01 09:00:56
1638349257256406000,90.5,1,90.4,12,90.6,10,2,2021-12-01 09:00:57
1638349257679126000,90.6,2,90.5,5,90.6,8,1,2021-12-01 09:00:57
1638349257837059000,90.6,1,90.5,7,90.6,7,1,2021-12-01 09:00:57
1638349257949842000,90.5,3,90.5,5,90.6,7,2,2021-12-01 09:00:57
1638349257962852000,90.6,1,90.5,5,90.6,6,1,2021-12-01 09:00:57
1638349258003752000,90.5,2,90.5,5,90.6,6,2,2021-12-01 09:00:58
1638349258098331000,90.6,5,90.5,5,90.6,1,1,2021-12-01 09:00:58
1638349258156794000,90.6,1,90.5,9,90.9,3,1,2021-12-01 09:00:58
1638349258305263000,90.5,3,90.5,7,90.9,3,2,2021-12-01 09:00:58
1638349258429619000,90.9,2,90.5,8,90.9,1,1,2021-12-01 09:00:58
1638349258629492000,90.5,1,90.5,26,90.9,1,2,2021-12-01 09:00:58
1638349258838627000,90.9,1,90.5,20,91.0,5,1,2021-12-01 09:00:58
1638349259126027000,91.0,1,90.6,9,91.0,4,1,2021-12-01 09:00:59
1638349259396077000,91.0,1,90.6,14,91.0,103,1,2021-12-01 09:00:59
1638349259613430000,91.0,1,90.6,14,91.0,102,1,2021-12-01 09:00:59
1638349259655179000,90.6,1,90.6,13,91.0,102,2,2021-12-01 09:00:59
1638349259698843000,91.0,1,90.6,8,91.0,101,1,2021-12-01 09:00:59
1638349259946628000,90.8,5,90.6,5,90.9,4,2,2021-12-01 09:00:59
1638349260385982000,90.6,1,90.6,4,90.7,5,2,2021-12-01 09:01:00
1638349260422099000,90.6,4,90.5,30,90.7,5,2,2021-12-01 09:01:00
1638349260628824000,90.7,1,90.5,35,90.7,4,1,2021-12-01 09:01:00
1638349260780522000,90.7,1,90.5,35,90.7,3,1,2021-12-01 09:01:00
1638349260814579000,90.7,1,90.5,35,90.7,2,1,2021-12-01 09:01:00
1638349260933736000,90.7,2,90.8,7,90.9,6,1,2021-12-01 09:01:00
1638349260933736000,90.8,1,90.8,7,90.9,6,1,2021-12-01 09:01:00
1638349260969331000,90.9,6,90.8,7,91.0,92,1,2021-12-01 09:01:00
1638349260969331000,91.0,9,90.8,7,91.0,92,1,2021-12-01 09:01:00
1638349261118085000,90.8,2,90.8,5,90.9,5,2,2021-12-01 09:01:01
1638349261196943000,90.8,5,90.5,36,90.8,5,2,2021-12-01 09:01:01
1638349261197069000,90.5,1,90.5,35,90.8,5,2,2021-12-01 09:01:01
1638349261229278000,90.8,1,90.5,35,90.8,4,1,2021-12-01 09:01:01
1638349261385285000,90.5,1,90.5,36,90.8,4,2,2021-12-01 09:01:01
1638349261483307000,90.8,1,90.5,37,90.8,3,1,2021-12-01 09:01:01
1638349261511888000,90.5,1,90.5,36,90.8,3,2,2021-12-01 09:01:01
1638349261735313000,90.6,1,90.5,37,90.8,8,1,2021-12-01 09:01:01
1638349261827166000,90.8,1,90.5,37,90.8,7,1,2021-12-01 09:01:01
1638349262243438000,90.6,3,90.5,38,90.6,7,2,2021-12-01 09:01:02
1638349262396904000,90.6,1,90.5,38,90.6,6,1,2021-12-01 09:01:02
1638349262716173000,90.6,5,90.5,41,90.6,1,1,2021-12-01 09:01:02
1638349263060170000,90.6,1,90.5,47,90.8,9,1,2021-12-01 09:01:03
1638349263287429000,90.6,1,90.5,49,90.6,3,1,2021-12-01 09:01:03
1638349263311663000,90.6,2,90.5,49,90.6,1,1,2021-12-01 09:01:03
1638349263364557000,90.6,1,90.5,49,90.8,10,1,2021-12-01 09:01:03
1638349263497833000,90.8,10,90.6,1,91.2,7,1,2021-12-01 09:01:03
1638349263497833000,90.9,13,90.6,1,91.2,7,1,2021-12-01 09:01:03
1638349263497833000,91.0,6,90.6,1,91.2,7,1,2021-12-01 09:01:03
1638349263497833000,91.1,8,90.6,1,91.2,7,1,2021-12-01 09:01:03
1638349263497833000,91.2,3,90.6,1,91.2,7,1,2021-12-01 09:01:03
1638349263556094000,90.8,1,90.7,2,90.8,2,2,2021-12-01 09:01:03
1638349263560699000,90.8,2,90.7,2,91.2,7,1,2021-12-01 09:01:03
1638349263565949000,90.7,2,90.6,1,91.2,7,2,2021-12-01 09:01:03
1638349263565949000,90.6,2,90.6,1,91.2,7,2,2021-12-01 09:01:03
1638349264057013000,91.1,3,90.7,3,91.2,6,1,2021-12-01 09:01:04
1638349264057013000,91.2,1,90.7,3,91.2,6,1,2021-12-01 09:01:04
1638349264068054000,91.2,2,90.7,3,91.2,4,1,2021-12-01 09:01:04
1638349264259453000,91.2,3,90.7,3,91.2,1,1,2021-12-01 09:01:04
1638349264551430000,90.8,1,90.7,3,91.2,1,2,2021-12-01 09:01:04
1638349264880354000,90.7,1,90.7,2,91.2,1,2,2021-12-01 09:01:04
1638349264986817000,91.2,1,90.7,2,91.5,2,1,2021-12-01 09:01:04
1638349265005598000,91.5,1,90.7,2,91.5,1,1,2021-12-01 09:01:05
1638349265535818000,90.7,1,90.7,11,91.3,1,2,2021-12-01 09:01:05
1638349265542413000,90.8,1,90.7,10,91.3,1,1,2021-12-01 09:01:05
1638349265542413000,90.7,1,90.7,10,91.3,1,2,2021-12-01 09:01:05
1638349265638287000,91.2,1,90.7,10,91.3,1,1,2021-12-01 09:01:05
1638349265941552000,91.3,1,91.0,2,91.4,2,1,2021-12-01 09:01:05
1638349265951984000,91.4,1,91.0,2,91.4,1,1,2021-12-01 09:01:05
1638349266102312000,91.1,1,91.0,2,91.1,49,2,2021-12-01 09:01:06
1638349266346836000,91.0,1,91.0,1,91.1,49,2,2021-12-01 09:01:06
1638349266632773000,91.1,1,91.0,1,91.1,48,1,2021-12-01 09:01:06
1638349266845915000,91.0,1,90.9,5,91.1,48,2,2021-12-01 09:01:06
1638349267505952000,91.1,1,91.0,1,91.1,47,1,2021-12-01 09:01:07
1638349267725462000,91.1,1,91.0,1,91.1,46,1,2021-12-01 09:01:07
1638349268347450000,91.0,1,90.8,6,91.1,47,2,2021-12-01 09:01:08
1638349268347450000,90.8,4,90.8,6,91.1,47,2,2021-12-01 09:01:08
1638349268370099000,91.1,1,90.8,6,91.1,46,1,2021-12-01 09:01:08
1638349268399011000,90.8,1,90.8,5,91.1,46,2,2021-12-01 09:01:08
1638349268882764000,91.1,1,90.8,5,91.1,45,1,2021-12-01 09:01:08
1638349268890027000,91.1,1,90.8,5,91.1,44,1,2021-12-01 09:01:08
1638349268969948000,91.1,2,90.8,5,91.1,42,1,2021-12-01 09:01:08
1638349269216129000,91.1,1,91.0,1,91.1,41,1,2021-12-01 09:01:09
1638349269356338000,91.0,1,90.9,1,91.1,41,2,2021-12-01 09:01:09
1638349269377839000,91.1,1,90.9,1,91.1,40,1,2021-12-01 09:01:09
1638349269499033000,91.1,1,90.9,1,91.1,38,1,2021-12-01 09:01:09
1638349269738936000,91.1,1,90.9,1,91.1,37,1,2021-12-01 09:01:09
1638349269912487000,91.1,1,91.0,2,91.1,35,1,2021-12-01 09:01:09
1638349269912839000,91.1,1,91.0,2,91.1,35,1,2021-12-01 09:01:09
1638349270051590000,91.0,1,91.0,4,91.1,35,2,2021-12-01 09:01:10
1638349270089028000,91.0,2,91.0,2,91.1,35,2,2021-12-01 09:01:10
1638349270491647000,91.1,2,91.0,6,91.1,33,1,2021-12-01 09:01:10
1638349270564438000,91.1,1,91.0,6,91.1,32,1,2021-12-01 09:01:10
1638349270571534000,91.0,2,91.0,4,91.1,32,2,2021-12-01 09:01:10
1638349270579309000,91.1,1,91.0,4,91.1,31,1,2021-12-01 09:01:10
1638349270615163000,91.0,2,91.0,2,91.1,31,2,2021-12-01 09:01:10
1638349270665032000,91.0,2,90.9,4,91.1,31,2,2021-12-01 09:01:10
1638349270665032000,90.9,3,90.9,4,91.1,31,2,2021-12-01 09:01:10
1638349270750240000,91.1,2,90.9,4,91.1,29,1,2021-12-01 09:01:10
1638349270799935000,91.1,1,90.9,4,91.1,28,1,2021-12-01 09:01:10
1638349271046834000,91.1,1,90.9,4,91.1,27,1,2021-12-01 09:01:11
1638349271086353000,91.0,1,91.0,9,91.1,27,2,2021-12-01 09:01:11
1638349271103227000,91.0,2,91.0,7,91.1,28,2,2021-12-01 09:01:11
1638349271106737000,91.1,10,91.0,7,91.1,18,1,2021-12-01 09:01:11
1638349271213035000,91.1,18,91.0,7,91.2,3,1,2021-12-01 09:01:11
1638349271739531000,91.0,3,91.0,5,91.1,1,2,2021-12-01 09:01:11
1638349271806320000,91.0,1,91.0,4,91.1,1,2,2021-12-01 09:01:11
1638349271811780000,91.1,1,91.0,4,91.2,4,1,2021-12-01 09:01:11
1638349271842434000,91.2,1,91.0,4,91.2,3,1,2021-12-01 09:01:11
1638349271969298000,91.1,1,91.0,4,91.1,3,2,2021-12-01 09:01:11
1638349272008240000,91.1,1,91.0,4,91.1,2,1,2021-12-01 09:01:12
1638349272065944000,91.1,1,91.0,5,91.1,4,1,2021-12-01 09:01:12
1638349272093100000,91.1,1,91.0,7,91.1,3,1,2021-12-01 09:01:12
1638349272242414000,91.0,4,91.0,4,91.1,3,2,2021-12-01 09:01:12
1638349272365022000,91.1,1,91.0,4,91.1,2,1,2021-12-01 09:01:12
1638349272386685000,91.0,4,90.9,7,91.0,16,2,2021-12-01 09:01:12
1638349272551607000,91.0,1,90.9,7,91.0,15,1,2021-12-01 09:01:12
1638349272553987000,91.0,3,90.9,7,91.0,12,1,2021-12-01 09:01:12
1638349272585171000,91.0,1,90.9,7,91.0,11,1,2021-12-01 09:01:12
1638349272630031000,91.0,3,90.9,7,91.0,9,1,2021-12-01 09:01:12
1638349272739921000,91.0,9,90.9,7,91.1,2,1,2021-12-01 09:01:12
1638349272796974000,91.1,1,90.9,7,91.1,2,1,2021-12-01 09:01:12
1638349272866813000,91.1,1,91.0,2,91.1,1,1,2021-12-01 09:01:12
1638349272873986000,91.1,1,91.0,2,91.2,4,1,2021-12-01 09:01:12
1638349273010994000,91.1,1,91.0,15,91.2,4,1,2021-12-01 09:01:13
1638349273137940000,91.2,1,91.1,4,91.2,3,1,2021-12-01 09:01:13
1638349273237796000,91.2,1,91.1,4,91.2,2,1,2021-12-01 09:01:13
1638349273247017000,91.2,2,91.1,4,91.3,2,1,2021-12-01 09:01:13
1638349273525161000,91.3,1,91.1,4,91.3,1,1,2021-12-01 09:01:13
1638349273738700000,91.3,2,91.1,4,91.3,3,1,2021-12-01 09:01:13
1638349273763360000,91.1,1,91.1,3,91.3,3,2,2021-12-01 09:01:13
1638349273852186000,91.3,1,91.1,12,91.3,2,1,2021-12-01 09:01:13
1638349273947279000,91.3,1,91.2,1,91.3,1,1,2021-12-01 09:01:13
1638349273949666000,91.3,1,91.2,1,91.5,1,1,2021-12-01 09:01:13
1638349273949666000,91.4,2,91.2,1,91.5,1,1,2021-12-01 09:01:13
1638349273949666000,91.5,2,91.2,1,91.5,1,1,2021-12-01 09:01:13
1638349274403314000,91.3,3,91.2,1,91.3,2,2,2021-12-01 09:01:14
1638349274476302000,91.2,1,91.1,18,91.3,2,2,2021-12-01 09:01:14
1638349274515322000,91.1,1,91.1,17,91.3,2,2,2021-12-01 09:01:14
1638349274555288000,91.3,2,91.1,17,91.5,4,1,2021-12-01 09:01:14
1638349274752258000,91.5,1,91.1,17,91.5,3,1,2021-12-01 09:01:14
1638349275400270000,91.5,1,91.2,5,91.5,2,1,2021-12-01 09:01:15
1638349275415443000,91.5,2,91.2,5,91.6,1,1,2021-12-01 09:01:15
1638349275415443000,91.6,1,91.2,5,91.6,1,1,2021-12-01 09:01:15
1638349275486537000,91.6,1,91.2,14,91.7,9,1,2021-12-01 09:01:15
1638349275486537000,91.7,2,91.2,14,91.7,9,1,2021-12-01 09:01:15
1638349275820307000,91.6,5,91.2,15,91.7,9,2,2021-12-01 09:01:15
1638349276038327000,91.7,2,91.3,9,91.7,7,1,2021-12-01 09:01:16
1638349276044042000,91.7,1,91.3,9,91.7,6,1,2021-12-01 09:01:16
1638349276289522000,91.3,5,91.3,4,91.7,6,2,2021-12-01 09:01:16
1638349276795585000,91.5,6,91.3,1,91.5,44,1,2021-12-01 09:01:16
1638349276865733000,91.5,4,91.3,1,91.5,40,1,2021-12-01 09:01:16
1638349276914046000,91.5,2,91.3,1,91.5,38,1,2021-12-01 09:01:16
1638349277088876000,91.4,1,91.3,1,91.5,38,2,2021-12-01 09:01:17
1638349277134312000,91.3,1,91.2,5,91.5,38,2,2021-12-01 09:01:17
1638349277134312000,91.2,4,91.2,5,91.5,38,2,2021-12-01 09:01:17
1638349277142383000,91.5,1,91.2,5,91.5,37,1,2021-12-01 09:01:17
1638349277166618000,91.5,18,91.2,5,91.5,19,1,2021-12-01 09:01:17
1638349277168705000,91.5,1,91.2,5,91.5,17,1,2021-12-01 09:01:17
1638349277168998000,91.5,1,91.2,5,91.5,17,1,2021-12-01 09:01:17
1638349277501589000,91.5,1,91.3,10,91.5,16,1,2021-12-01 09:01:17
1638349277817549000,91.5,2,91.3,10,91.5,14,1,2021-12-01 09:01:17
1638349277920769000,91.5,5,91.3,10,91.5,9,1,2021-12-01 09:01:17
1638349277922323000,91.5,2,91.3,10,91.5,7,1,2021-12-01 09:01:17
1638349278096145000,91.3,2,91.3,8,91.5,7,2,2021-12-01 09:01:18
1638349278100393000,91.5,5,91.3,8,91.5,2,1,2021-12-01 09:01:18
1638349278688411000,91.5,1,91.3,10,91.5,1,1,2021-12-01 09:01:18
1638349278724032000,91.5,1,91.3,10,91.6,4,1,2021-12-01 09:01:18
1638349278724032000,91.6,5,91.3,10,91.6,4,1,2021-12-01 09:01:18
1638349278852848000,91.3,1,91.3,9,91.6,4,2,2021-12-01 09:01:18
1638349278885119000,91.3,1,91.3,8,91.6,4,2,2021-12-01 09:01:18
1638349278895342000,91.6,2,91.3,8,91.6,2,1,2021-12-01 09:01:18
1638349278992729000,91.6,2,91.6,3,91.7,6,1,2021-12-01 09:01:18
1638349279187943000,91.6,3,91.3,9,91.7,6,2,2021-12-01 09:01:19
1638349279554432000,91.7,5,91.5,1,91.7,1,1,2021-12-01 09:01:19
1638349279586829000,91.7,1,91.7,4,91.8,4,1,2021-12-01 09:01:19
1638349279758111000,91.7,1,91.7,3,91.8,4,2,2021-12-01 09:01:19
1638349279840935000,91.7,2,91.7,1,91.8,4,2,2021-12-01 09:01:19
1638349279863003000,91.8,1,91.7,1,91.8,3,1,2021-12-01 09:01:19
1638349279882576000,91.7,1,91.6,5,91.8,3,2,2021-12-01 09:01:19
1638349279913748000,91.8,1,91.6,5,91.8,2,1,2021-12-01 09:01:19
1638349280012504000,91.6,2,91.6,3,91.8,2,2,2021-12-01 09:01:20
1638349280248238000,91.8,1,91.7,5,91.8,1,1,2021-12-01 09:01:20
1638349280387342000,91.8,1,91.7,5,91.9,4,1,2021-12-01 09:01:20
1638349280387342000,91.9,1,91.7,5,91.9,4,1,2021-12-01 09:01:20
1638349280488519000,91.9,1,91.7,5,91.9,3,1,2021-12-01 09:01:20
1638349280637295000,91.7,1,91.7,4,91.9,3,2,2021-12-01 09:01:20
1638349280646484000,91.9,1,91.7,4,91.9,2,1,2021-12-01 09:01:20
1638349280671390000,91.9,2,91.7,4,92.0,21,1,2021-12-01 09:01:20
1638349280837703000,92.0,2,91.7,4,92.0,19,1,2021-12-01 09:01:20
1638349280875709000,92.0,1,91.7,4,92.0,18,1,2021-12-01 09:01:20
1638349281066353000,92.0,1,91.7,4,92.0,17,1,2021-12-01 09:01:21
1638349281120328000,91.9,1,91.7,4,92.0,17,2,2021-12-01 09:01:21
1638349281373161000,92.0,2,91.7,4,92.0,15,1,2021-12-01 09:01:21
1638349281477868000,92.0,1,91.7,4,92.0,14,1,2021-12-01 09:01:21
1638349281486467000,91.7,1,91.7,3,92.0,14,2,2021-12-01 09:01:21
1638349281503814000,91.7,1,91.7,2,92.0,14,2,2021-12-01 09:01:21
1638349281513949000,92.0,2,91.7,2,92.0,12,1,2021-12-01 09:01:21
1638349281891924000,91.9,1,91.7,2,91.9,1,2,2021-12-01 09:01:21
1638349281963219000,91.8,1,91.6,14,91.9,1,2,2021-12-01 09:01:21
1638349281963219000,91.7,2,91.6,14,91.9,1,2,2021-12-01 09:01:21
1638349282145516000,91.9,1,91.7,2,92.0,3,1,2021-12-01 09:01:22
1638349282145516000,92.0,9,91.7,2,92.0,3,1,2021-12-01 09:01:22
1638349282484368000,92.0,1,91.8,5,92.0,2,1,2021-12-01 09:01:22
1638349282854493000,92.0,3,91.8,5,92.4,7,1,2021-12-01 09:01:22
1638349282854493000,92.2,1,91.8,5,92.4,7,1,2021-12-01 09:01:22
1638349283104190000,92.1,1,91.9,1,92.4,7,2,2021-12-01 09:01:23
1638349283574855000,92.1,3,91.9,1,92.0,47,2,2021-12-01 09:01:23
1638349283632274000,92.0,1,91.9,1,92.0,51,2,2021-12-01 09:01:23
1638349283647216000,91.9,1,91.8,7,92.0,51,2,2021-12-01 09:01:23
1638349283676541000,92.0,8,91.8,7,92.0,43,1,2021-12-01 09:01:23
1638349283907182000,91.9,1,91.8,7,92.0,43,2,2021-12-01 09:01:23
1638349283950389000,92.0,1,91.8,7,92.0,42,1,2021-12-01 09:01:23
1638349284151907000,92.0,1,91.8,7,92.0,41,1,2021-12-01 09:01:24
1638349284189323000,92.0,3,91.8,7,92.0,38,1,2021-12-01 09:01:24
1638349284213833000,92.0,3,91.8,7,92.0,35,1,2021-12-01 09:01:24
1638349284452076000,92.0,1,91.8,7,92.0,34,1,2021-12-01 09:01:24
1638349284478169000,92.0,1,91.8,7,92.0,33,1,2021-12-01 09:01:24
1638349285077229000,92.0,1,91.8,7,92.0,32,1,2021-12-01 09:01:25
1638349285220990000,92.0,1,91.8,7,92.0,31,1,2021-12-01 09:01:25
1638349285238930000,92.0,5,91.8,7,92.0,26,1,2021-12-01 09:01:25
1638349285243465000,92.0,1,91.8,7,92.0,25,1,2021-12-01 09:01:25
1638349285311967000,91.8,1,91.8,7,92.0,25,2,2021-12-01 09:01:25
1638349285329453000,92.0,1,91.8,7,92.0,24,1,2021-12-01 09:01:25
1638349285331166000,92.0,2,91.8,7,92.0,22,1,2021-12-01 09:01:25
1638349285407471000,92.0,1,91.8,7,92.0,21,1,2021-12-01 09:01:25
1638349285506643000,92.0,1,91.8,7,92.0,20,1,2021-12-01 09:01:25
1638349285711426000,92.0,1,91.8,7,92.0,19,1,2021-12-01 09:01:25
1638349285847492000,91.8,2,91.8,5,92.0,19,2,2021-12-01 09:01:25
1638349285880260000,92.0,5,91.8,5,92.0,14,1,2021-12-01 09:01:25
1638349285890341000,92.0,1,91.8,5,92.0,13,1,2021-12-01 09:01:25
1638349285900302000,92.0,1,91.8,5,92.0,12,1,2021-12-01 09:01:25
1638349286013811000,92.0,1,91.8,5,92.0,11,1,2021-12-01 09:01:26
1638349286072278000,92.0,10,91.8,5,92.0,1,1,2021-12-01 09:01:26
1638349286089286000,92.0,1,91.8,5,92.2,4,1,2021-12-01 09:01:26
1638349286171800000,92.0,1,92.0,1,92.2,4,2,2021-12-01 09:01:26
1638349286278059000,92.1,1,92.0,2,92.1,1,1,2021-12-01 09:01:26
1638349286500562000,92.1,1,92.0,2,92.2,6,1,2021-12-01 09:01:26
1638349286785096000,92.1,1,92.0,5,92.1,1,1,2021-12-01 09:01:26
1638349286944650000,92.1,1,92.0,5,92.2,6,1,2021-12-01 09:01:26
1638349286973228000,92.0,1,92.0,4,92.2,6,2,2021-12-01 09:01:26
1638349287048851000,92.2,2,92.0,4,92.2,4,1,2021-12-01 09:01:27
1638349287115931000,92.2,4,92.0,4,92.3,3,1,2021-12-01 09:01:27
1638349287228402000,92.0,4,91.9,10,92.3,3,2,2021-12-01 09:01:27
1638349287228402000,91.9,1,91.9,10,92.3,3,2,2021-12-01 09:01:27
1638349287376286000,92.3,1,92.0,4,92.3,2,1,2021-12-01 09:01:27
1638349287387672000,92.3,1,92.0,4,92.3,1,1,2021-12-01 09:01:27
1638349287644431000,92.0,1,92.0,4,92.3,1,2,2021-12-01 09:01:27
1638349287885308000,92.2,1,92.0,12,92.2,2,1,2021-12-01 09:01:27
1638349287952751000,92.0,1,92.0,13,92.2,2,2,2021-12-01 09:01:27
1638349287977240000,92.2,1,92.0,13,92.2,1,1,2021-12-01 09:01:27
1638349288112123000,92.0,3,92.0,10,92.2,1,2,2021-12-01 09:01:28
1638349288143088000,92.0,3,92.0,7,92.2,1,2,2021-12-01 09:01:28
1638349288154216000,92.2,1,92.0,7,92.3,2,1,2021-12-01 09:01:28
1638349288194776000,92.3,1,92.0,8,92.3,1,1,2021-12-01 09:01:28
1638349288207197000,92.3,1,0.0,0,0.0,0,1,2021-12-01 09:01:28
1638349288207197000,92.3,0,0.0,0,0.0,0,1,2021-12-01 09:01:28
1638349408576924000,92.1,421,92.0,79,92.1,53,2,2021-12-01 09:03:28
1638349408954105000,92.1,1,92.0,81,92.1,53,1,2021-12-01 09:03:28
1638349409110125000,92.0,4,92.0,77,92.1,53,2,2021-12-01 09:03:29
1638349409624757000,92.0,12,92.0,65,92.1,53,2,2021-12-01 09:03:29
1638349409743184000,92.0,12,92.0,53,92.1,53,2,2021-12-01 09:03:29
1638349410361318000,92.0,53,91.9,13,92.0,47,2,2021-12-01 09:03:30
1638349410412002000,91.9,13,91.8,17,92.0,47,2,2021-12-01 09:03:30
1638349410479800000,91.8,1,91.8,16,92.0,53,2,2021-12-01 09:03:30
1638349410516574000,91.8,16,91.7,6,92.0,53,2,2021-12-01 09:03:30
1638349410517136000,91.7,1,91.7,5,92.0,53,2,2021-12-01 09:03:30
1638349410859996000,91.7,3,91.7,2,92.0,53,2,2021-12-01 09:03:30
1638349410893921000,91.7,2,91.6,4,92.0,53,2,2021-12-01 09:03:30
1638349411031346000,91.6,4,91.5,22,92.0,53,2,2021-12-01 09:03:31
1638349411031346000,91.5,1,91.5,22,92.0,53,2,2021-12-01 09:03:31
1638349411298518000,91.5,1,91.5,21,91.8,20,2,2021-12-01 09:03:31
1638349411348446000,91.5,3,91.5,18,91.8,21,2,2021-12-01 09:03:31
1638349411378834000,91.5,15,91.5,3,91.8,21,2,2021-12-01 09:03:31
1638349411467745000,91.5,1,91.5,2,91.7,5,2,2021-12-01 09:03:31
1638349411500447000,91.5,2,91.3,12,91.7,5,2,2021-12-01 09:03:31
1638349412576531000,91.3,1,91.3,11,91.6,5,2,2021-12-01 09:03:32
1638349413606183000,91.3,1,91.3,10,91.4,1,2,2021-12-01 09:03:33
1638349414021249000,91.4,1,91.3,10,91.5,2,1,2021-12-01 09:03:34
1638349414058454000,91.3,1,91.3,9,91.5,2,2,2021-12-01 09:03:34
1638349414710872000,91.3,1,91.3,8,91.4,1,2,2021-12-01 09:03:34
1638349414774234000,91.4,1,91.3,8,91.5,3,1,2021-12-01 09:03:34
1638349415296221000,91.4,1,91.4,5,91.5,3,2,2021-12-01 09:03:35
1638349415601421000,91.5,1,91.4,5,91.5,2,1,2021-12-01 09:03:35
1638349416347875000,91.4,2,91.4,3,91.5,3,2,2021-12-01 09:03:36
1638349416541609000,91.4,1,91.4,2,91.5,3,2,2021-12-01 09:03:36
1638349416922052000,91.4,1,91.4,1,91.5,3,2,2021-12-01 09:03:36
1638349417600082000,91.4,1,91.3,11,91.5,5,2,2021-12-01 09:03:37
1638349417682930000,91.3,1,91.3,10,91.4,2,2,2021-12-01 09:03:37
1638349417712866000,91.3,2,91.3,8,91.4,2,2,2021-12-01 09:03:37
1638349418345555000,91.4,2,91.3,8,91.4,2,1,2021-12-01 09:03:38
1638349418508313000,91.4,1,91.3,8,91.4,1,1,2021-12-01 09:03:38
1638349419013719000,91.3,2,91.3,8,91.4,1,2,2021-12-01 09:03:39
1638349419033566000,91.4,1,91.3,8,91.5,3,1,2021-12-01 09:03:39
1638349419097654000,91.4,1,91.4,9,91.5,3,2,2021-12-01 09:03:39
1638349419419484000,91.4,1,91.4,8,91.5,3,2,2021-12-01 09:03:39
1638349419584098000,91.4,1,91.4,7,91.5,3,2,2021-12-01 09:03:39
1638349419887234000,91.4,2,91.4,5,91.5,3,2,2021-12-01 09:03:39
1638349420262779000,91.5,1,91.4,5,91.5,2,1,2021-12-01 09:03:40
1638349420301304000,91.5,2,91.4,5,91.6,1,1,2021-12-01 09:03:40
1638349420380756000,91.4,2,91.4,3,91.6,1,2,2021-12-01 09:03:40
1638349420498104000,91.4,1,91.4,2,91.6,1,2,2021-12-01 09:03:40
1638349420520456000,91.4,2,91.3,8,91.6,1,2,2021-12-01 09:03:40
1638349420981990000,91.5,1,91.5,6,91.6,1,1,2021-12-01 09:03:40
1638349421040306000,91.5,1,91.5,5,91.6,1,2,2021-12-01 09:03:41
1638349421154290000,91.5,1,91.5,4,91.6,1,2,2021-12-01 09:03:41
1638349421238241000,91.6,1,91.5,4,91.7,7,1,2021-12-01 09:03:41
1638349421238241000,91.7,2,91.5,4,91.7,7,1,2021-12-01 09:03:41
1638349421444013000,91.7,1,91.5,7,91.7,6,1,2021-12-01 09:03:41
1638349422267212000,91.5,1,91.5,6,91.7,6,2,2021-12-01 09:03:42
1638349422455871000,91.6,5,91.5,6,91.7,6,1,2021-12-01 09:03:42
1638349422771673000,91.5,1,91.5,5,91.7,6,2,2021-12-01 09:03:42
1638349422961945000,91.7,2,91.5,5,91.7,4,1,2021-12-01 09:03:42
1638349423197516000,91.7,1,91.5,5,91.7,3,1,2021-12-01 09:03:43
1638349423370991000,91.7,3,91.5,5,91.8,21,1,2021-12-01 09:03:43
1638349423659075000,91.6,2,91.6,8,91.8,21,2,2021-12-01 09:03:43
1638349423752188000,91.6,8,91.5,3,91.8,21,2,2021-12-01 09:03:43
1638349423752188000,91.5,2,91.5,3,91.8,21,2,2021-12-01 09:03:43
1638349423815582000,91.8,1,91.5,3,91.8,20,1,2021-12-01 09:03:43
1638349424188623000,91.5,1,91.5,3,91.7,2,2,2021-12-01 09:03:44
1638349424246413000,91.7,2,91.6,1,91.8,20,1,2021-12-01 09:03:44
1638349424818559000,91.6,2,91.5,8,91.8,22,2,2021-12-01 09:03:44
1638349424818559000,91.5,1,91.5,8,91.8,22,2,2021-12-01 09:03:44
1638349425192116000,91.8,2,91.6,1,91.8,20,1,2021-12-01 09:03:45
1638349425283824000,91.8,11,91.6,1,91.8,9,1,2021-12-01 09:03:45
1638349425488406000,91.8,9,91.6,1,91.9,1,1,2021-12-01 09:03:45
1638349426022849000,91.9,1,91.8,6,92.0,2,1,2021-12-01 09:03:46
1638349426048924000,92.0,1,91.9,1,92.0,1,1,2021-12-01 09:03:46
1638349426142291000,91.9,1,91.8,6,92.0,1,2,2021-12-01 09:03:46
1638349426167797000,92.0,1,91.8,6,92.1,1,1,2021-12-01 09:03:46
1638349426417831000,92.0,3,92.0,3,92.1,1,2,2021-12-01 09:03:46
1638349426479650000,92.0,3,91.6,8,91.7,40,2,2021-12-01 09:03:46
1638349426479650000,91.8,6,91.6,8,91.7,40,2,2021-12-01 09:03:46
1638349426479650000,91.7,1,91.6,8,91.7,40,2,2021-12-01 09:03:46
1638349426621094000,91.7,6,91.6,8,91.7,34,1,2021-12-01 09:03:46
1638349426652419000,91.7,6,91.6,8,91.7,28,1,2021-12-01 09:03:46
1638349426693999000,91.7,1,91.6,8,91.7,27,1,2021-12-01 09:03:46
1638349426729669000,91.7,8,91.6,8,91.7,19,1,2021-12-01 09:03:46
1638349426765836000,91.7,5,91.6,9,91.7,14,1,2021-12-01 09:03:46
1638349426798448000,91.7,14,91.6,9,91.8,2,1,2021-12-01 09:03:46
1638349426837060000,91.8,2,91.9,3,92.1,1,1,2021-12-01 09:03:46
1638349426852460000,92.1,1,91.9,3,92.2,1,1,2021-12-01 09:03:46
1638349426852460000,92.2,5,91.9,3,92.2,1,1,2021-12-01 09:03:46
1638349427422618000,92.2,1,91.9,3,92.4,7,1,2021-12-01 09:03:47
1638349427422618000,92.3,5,91.9,3,92.4,7,1,2021-12-01 09:03:47
1638349427422618000,92.4,4,91.9,3,92.4,7,1,2021-12-01 09:03:47
1638349427684868000,92.0,1,92.0,1,92.3,2,2,2021-12-01 09:03:47
1638349427867907000,92.2,2,92.0,1,92.4,6,1,2021-12-01 09:03:47
1638349427867907000,92.3,2,92.0,1,92.4,6,1,2021-12-01 09:03:47
1638349427867907000,92.4,1,92.0,1,92.4,6,1,2021-12-01 09:03:47
1638349428115978000,92.4,1,92.0,1,92.4,5,1,2021-12-01 09:03:48
1638349428312984000,92.3,1,92.3,4,92.4,5,2,2021-12-01 09:03:48
1638349428641351000,92.3,4,92.0,1,92.2,46,2,2021-12-01 09:03:48
1638349428783265000,92.2,1,92.0,1,92.2,45,2,2021-12-01 09:03:48
1638349429249202000,92.2,1,92.0,14,92.2,44,1,2021-12-01 09:03:49
1638349429251943000,92.2,1,92.0,14,92.2,43,1,2021-12-01 09:03:49
1638349429584483000,92.2,1,92.0,14,92.2,42,1,2021-12-01 09:03:49
1638349429850787000,92.1,1,92.0,14,92.1,4,2,2021-12-01 09:03:49
1638349429916782000,92.1,4,92.0,14,92.2,40,1,2021-12-01 09:03:49
1638349429916782000,92.2,2,92.0,14,92.2,40,1,2021-12-01 09:03:49
1638349430215902000,92.2,40,92.1,10,92.4,10,1,2021-12-01 09:03:50
1638349430407736000,92.4,1,92.1,10,92.4,9,1,2021-12-01 09:03:50
1638349430445137000,92.1,1,92.1,9,92.4,9,2,2021-12-01 09:03:50
1638349430729594000,92.4,1,92.2,1,92.4,8,1,2021-12-01 09:03:50
1638349431144759000,92.4,1,92.2,3,92.4,7,1,2021-12-01 09:03:51
1638349431203986000,92.4,5,92.2,3,92.4,2,1,2021-12-01 09:03:51
1638349431493638000,92.5,1,92.2,5,92.5,13,1,2021-12-01 09:03:51
1638349431789884000,92.3,2,92.2,16,92.3,48,2,2021-12-01 09:03:51
1638349431813711000,92.3,10,92.2,16,92.3,38,1,2021-12-01 09:03:51
1638349431894910000,92.2,1,92.2,15,92.3,38,2,2021-12-01 09:03:51
1638349431947689000,92.3,7,92.2,17,92.3,31,1,2021-12-01 09:03:51
1638349432332689000,92.3,1,92.2,19,92.3,30,1,2021-12-01 09:03:52
1638349432830315000,92.3,1,92.2,7,92.3,29,1,2021-12-01 09:03:52
1638349432880240000,92.2,1,92.2,6,92.3,29,2,2021-12-01 09:03:52
1638349432903806000,92.3,1,92.2,6,92.3,28,1,2021-12-01 09:03:52
1638349433087085000,92.3,1,92.2,8,92.3,27,1,2021-12-01 09:03:53
1638349433125090000,92.3,3,92.2,8,92.3,24,1,2021-12-01 09:03:53
1638349433131268000,92.3,1,92.2,8,92.3,23,1,2021-12-01 09:03:53
1638349433179006000,92.3,1,92.2,8,92.3,22,1,2021-12-01 09:03:53
1638349433410234000,92.2,6,92.2,2,92.3,22,2,2021-12-01 09:03:53
1638349433450532000,92.3,1,92.2,2,92.3,21,1,2021-12-01 09:03:53
1638349433552596000,92.3,1,92.2,37,92.3,20,1,2021-12-01 09:03:53
1638349433739279000,92.3,1,92.2,38,92.3,19,1,2021-12-01 09:03:53
1638349433800853000,92.3,1,92.2,38,92.3,18,1,2021-12-01 09:03:53
1638349433949163000,92.2,2,92.2,37,92.3,18,2,2021-12-01 09:03:53
1638349434064012000,92.3,1,92.2,37,92.3,17,1,2021-12-01 09:03:54
1638349434141819000,92.2,6,92.2,31,92.3,17,2,2021-12-01 09:03:54
1638349434191293000,92.3,1,92.2,32,92.3,16,1,2021-12-01 09:03:54
1638349434405088000,92.2,1,92.2,31,92.3,16,2,2021-12-01 09:03:54
1638349434565349000,92.3,1,92.2,32,92.3,20,1,2021-12-01 09:03:54
1638349434797661000,92.3,3,92.2,35,92.3,18,1,2021-12-01 09:03:54
1638349434974670000,92.2,1,92.2,34,92.3,18,2,2021-12-01 09:03:54
1638349434993694000,92.3,10,92.2,34,92.3,8,1,2021-12-01 09:03:54
1638349435141176000,92.3,1,92.2,34,92.3,7,1,2021-12-01 09:03:55
1638349435219884000,92.3,3,92.2,35,92.3,4,1,2021-12-01 09:03:55
1638349435500517000,92.3,1,92.2,36,92.3,3,1,2021-12-01 09:03:55
1638349435766051000,92.3,1,92.2,36,92.3,3,1,2021-12-01 09:03:55
1638349435840014000,92.3,1,92.2,36,92.3,2,1,2021-12-01 09:03:55
1638349435841757000,92.3,1,92.2,36,92.3,1,1,2021-12-01 09:03:55
1638349435948478000,92.2,2,92.2,34,92.3,1,2,2021-12-01 09:03:55
1638349435988704000,92.3,1,92.2,34,92.4,2,1,2021-12-01 09:03:55
1638349436125085000,92.4,1,92.3,1,92.4,1,1,2021-12-01 09:03:56
1638349436469275000,92.4,1,92.3,14,92.5,24,1,2021-12-01 09:03:56
1638349436642065000,92.5,1,92.3,15,92.5,23,1,2021-12-01 09:03:56
1638349436806942000,92.3,1,92.3,17,92.5,25,2,2021-12-01 09:03:56
1638349437150364000,92.3,1,92.3,23,92.4,1,2,2021-12-01 09:03:57
1638349437261749000,92.4,1,92.3,23,92.5,25,1,2021-12-01 09:03:57
1638349437309282000,92.3,2,92.3,21,92.5,25,2,2021-12-01 09:03:57
1638349437797715000,92.4,1,92.4,9,92.5,25,1,2021-12-01 09:03:57
1638349437977729000,92.5,1,92.4,10,92.5,24,1,2021-12-01 09:03:57
1638349438067977000,92.4,11,92.2,39,92.3,11,2,2021-12-01 09:03:58
1638349438067977000,92.3,28,92.2,39,92.3,11,2,2021-12-01 09:03:58
1638349438083103000,92.3,5,92.2,39,92.3,6,1,2021-12-01 09:03:58
1638349438096733000,92.3,1,92.2,39,92.3,5,1,2021-12-01 09:03:58
1638349438260687000,92.3,1,92.2,40,92.3,4,1,2021-12-01 09:03:58
1638349438354126000,92.3,1,92.2,40,92.3,3,1,2021-12-01 09:03:58
1638349438412943000,92.3,1,92.2,40,92.3,2,1,2021-12-01 09:03:58
1638349438418028000,92.2,1,92.2,39,92.3,2,2,2021-12-01 09:03:58
1638349438581838000,92.3,1,92.2,39,92.3,1,1,2021-12-01 09:03:58
1638349438739498000,92.3,1,92.2,39,92.4,1,1,2021-12-01 09:03:58
1638349439054998000,92.4,1,92.3,1,92.4,11,1,2021-12-01 09:03:59
1638349439093237000,92.3,1,92.2,39,92.4,11,2,2021-12-01 09:03:59
1638349439500008000,92.3,2,92.2,44,92.3,3,2,2021-12-01 09:03:59
1638349439558709000,92.2,44,92.1,5,92.2,6,2,2021-12-01 09:03:59
1638349439561964000,92.2,1,92.1,5,92.2,5,1,2021-12-01 09:03:59
1638349439608061000,92.2,3,92.1,5,92.2,2,1,2021-12-01 09:03:59
1638349439629099000,92.2,1,92.1,5,92.2,1,1,2021-12-01 09:03:59
1638349439714218000,92.2,1,92.1,5,92.3,3,1,2021-12-01 09:03:59
1638349439717365000,92.3,1,92.1,5,92.3,2,1,2021-12-01 09:03:59
1638349439761778000,92.3,1,92.2,5,92.3,1,1,2021-12-01 09:03:59
1638349439826512000,92.3,1,92.2,5,92.4,20,1,2021-12-01 09:03:59
1638349440154775000,92.3,1,92.3,3,92.4,19,1,2021-12-01 09:04:00
1638349440154775000,92.4,1,92.3,3,92.4,19,1,2021-12-01 09:04:00
1638349440222740000,92.3,3,92.2,9,92.3,7,2,2021-12-01 09:04:00
1638349440265119000,92.3,1,92.2,9,92.3,6,1,2021-12-01 09:04:00
1638349440270064000,92.3,1,92.2,9,92.3,5,1,2021-12-01 09:04:00
1638349440363673000,92.2,1,92.2,8,92.3,5,2,2021-12-01 09:04:00
1638349440404747000,92.2,5,92.2,4,92.3,5,2,2021-12-01 09:04:00
1638349440512507000,92.3,5,92.2,5,92.4,14,1,2021-12-01 09:04:00
1638349440512507000,92.4,5,92.2,5,92.4,14,1,2021-12-01 09:04:00
1638349440599466000,92.3,1,92.2,5,92.3,2,2,2021-12-01 09:04:00
1638349440634293000,92.3,1,92.2,5,92.3,1,1,2021-12-01 09:04:00
1638349440748833000,92.3,1,92.2,5,92.4,16,1,2021-12-01 09:04:00
1638349440851505000,92.3,1,92.2,5,92.3,1,2,2021-12-01 09:04:00
1638349440903904000,92.3,1,92.2,5,92.4,18,1,2021-12-01 09:04:00
1638349440919489000,92.2,2,92.2,3,92.4,18,2,2021-12-01 09:04:00
1638349440930160000,92.2,2,92.2,1,92.4,18,2,2021-12-01 09:04:00
1638349440949824000,92.2,1,92.1,6,92.4,18,2,2021-12-01 09:04:00
1638349440998021000,92.4,2,92.2,2,92.4,16,1,2021-12-01 09:04:00
1638349441046102000,92.2,2,92.1,6,92.4,16,2,2021-12-01 09:04:01
1638349441085761000,92.4,1,92.3,2,92.4,20,1,2021-12-01 09:04:01
1638349441122095000,92.3,2,92.1,6,92.2,4,2,2021-12-01 09:04:01
1638349441245406000,92.2,1,92.1,6,92.2,3,2,2021-12-01 09:04:01
1638349441353537000,92.2,1,92.1,6,92.2,2,1,2021-12-01 09:04:01
1638349441392865000,92.1,3,92.1,3,92.2,52,2,2021-12-01 09:04:01
1638349441413231000,92.2,1,92.1,3,92.2,51,1,2021-12-01 09:04:01
1638349441656784000,92.2,10,92.1,3,92.2,41,1,2021-12-01 09:04:01
1638349441736435000,92.2,1,92.1,3,92.2,40,1,2021-12-01 09:04:01
1638349441928830000,92.2,10,92.1,3,92.2,30,1,2021-12-01 09:04:01
1638349442057008000,92.2,16,92.1,3,92.2,14,1,2021-12-01 09:04:02
1638349442269205000,92.2,1,92.1,3,92.2,13,1,2021-12-01 09:04:02
1638349442318304000,92.1,2,92.1,1,92.2,13,2,2021-12-01 09:04:02
1638349442353257000,92.2,1,92.1,1,92.2,12,1,2021-12-01 09:04:02
1638349442399617000,92.1,1,92.0,28,92.1,4,2,2021-12-01 09:04:02
1638349442483609000,92.1,1,92.0,29,92.1,3,1,2021-12-01 09:04:02
1638349442523494000,92.0,2,92.0,27,92.1,3,2,2021-12-01 09:04:02
1638349442640614000,92.0,1,92.0,26,92.1,4,2,2021-12-01 09:04:02
1638349442690053000,92.1,2,92.0,26,92.1,2,1,2021-12-01 09:04:02
1638349442720576000,92.0,1,92.0,25,92.1,2,2,2021-12-01 09:04:02
1638349442752254000,92.1,1,92.0,25,92.1,1,1,2021-12-01 09:04:02
1638349442754476000,92.0,5,92.0,20,92.1,1,2,2021-12-01 09:04:02
1638349442809961000,92.1,1,92.0,20,92.2,8,1,2021-12-01 09:04:02
1638349442809961000,92.2,4,92.0,20,92.2,8,1,2021-12-01 09:04:02
1638349442845570000,92.2,1,92.0,20,92.2,7,1,2021-12-01 09:04:02
1638349442849618000,92.2,6,92.0,20,92.2,1,1,2021-12-01 09:04:02
1638349442907212000,92.2,1,92.0,22,92.3,4,1,2021-12-01 09:04:02
1638349443050301000,92.0,10,92.0,12,92.1,7,2,2021-12-01 09:04:03
1638349443100647000,92.1,1,92.0,12,92.1,6,1,2021-12-01 09:04:03
1638349443116983000,92.0,12,91.9,9,92.0,38,2,2021-12-01 09:04:03
1638349443125072000,92.0,1,91.9,9,92.0,37,1,2021-12-01 09:04:03
1638349443456883000,92.0,1,91.9,9,92.0,36,1,2021-12-01 09:04:03
1638349443669838000,92.0,2,91.9,9,92.0,41,1,2021-12-01 09:04:03
1638349443884969000,92.0,5,91.9,9,92.0,36,1,2021-12-01 09:04:03
1638349443892787000,92.0,1,91.9,9,92.0,35,1,2021-12-01 09:04:03
1638349443909682000,92.0,10,91.9,9,92.0,25,1,2021-12-01 09:04:03
1638349443933634000,91.9,6,91.9,3,92.0,25,2,2021-12-01 09:04:03
1638349444178118000,92.0,1,91.9,3,92.0,24,1,2021-12-01 09:04:04
1638349444350514000,91.9,3,91.7,8,92.0,24,2,2021-12-01 09:04:04
1638349444350514000,91.8,2,91.7,8,92.0,24,2,2021-12-01 09:04:04
1638349444381765000,91.7,2,91.7,6,91.8,1,2,2021-12-01 09:04:04
1638349444398472000,91.7,6,91.6,11,91.8,1,2,2021-12-01 09:04:04
1638349444543779000,91.8,1,91.6,11,92.0,24,1,2021-12-01 09:04:04
1638349444592973000,91.6,2,91.6,9,91.8,5,2,2021-12-01 09:04:04
1638349444703116000,91.8,5,91.6,9,91.9,1,1,2021-12-01 09:04:04
1638349444789405000,91.9,1,91.6,9,92.0,24,1,2021-12-01 09:04:04
1638349444928459000,91.8,2,91.6,9,92.0,23,2,2021-12-01 09:04:04
1638349444928459000,92.0,1,91.6,9,92.0,23,1,2021-12-01 09:04:04
1638349445063987000,91.9,1,91.6,9,91.9,4,2,2021-12-01 09:04:05
1638349445151161000,91.9,1,91.6,9,91.9,3,1,2021-12-01 09:04:05
1638349445464695000,91.9,1,91.6,9,91.9,3,1,2021-12-01 09:04:05
1638349445642706000,91.6,2,91.6,7,91.7,1,2,2021-12-01 09:04:05
1638349445901071000,91.7,1,91.6,7,91.9,4,1,2021-12-01 09:04:05
1638349446409886000,91.6,2,91.6,5,91.7,2,2,2021-12-01 09:04:06
1638349446498919000,91.6,3,91.6,2,91.7,2,2,2021-12-01 09:04:06
1638349446586612000,91.6,2,91.4,9,91.7,2,2,2021-12-01 09:04:06
1638349446586612000,91.5,21,91.4,9,91.7,2,2,2021-12-01 09:04:06
1638349446586612000,91.4,7,91.4,9,91.7,2,2,2021-12-01 09:04:06
1638349446746219000,91.7,1,91.4,9,91.7,1,1,2021-12-01 09:04:06
1638349447092892000,91.4,1,91.4,8,91.7,1,2,2021-12-01 09:04:07
1638349447241181000,91.4,3,91.4,5,91.7,1,2,2021-12-01 09:04:07
1638349447474069000,91.5,2,91.4,5,91.6,1,1,2021-12-01 09:04:07
1638349447495221000,91.6,1,91.4,5,91.7,3,1,2021-12-01 09:04:07
1638349447601358000,91.4,1,91.4,4,91.7,3,2,2021-12-01 09:04:07
1638349447606248000,91.7,1,91.4,4,91.7,2,1,2021-12-01 09:04:07
1638349447619254000,91.4,2,91.4,2,91.6,5,2,2021-12-01 09:04:07
1638349447712445000,91.4,2,91.3,9,91.6,5,2,2021-12-01 09:04:07
1638349447777454000,91.6,1,91.3,9,91.6,4,1,2021-12-01 09:04:07
1638349447781816000,91.3,1,91.3,8,91.6,4,2,2021-12-01 09:04:07
1638349447840399000,91.3,1,91.3,7,91.6,4,2,2021-12-01 09:04:07
1638349448492955000,91.6,2,91.3,8,91.6,5,1,2021-12-01 09:04:08
1638349448967274000,91.4,1,91.4,1,91.6,5,2,2021-12-01 09:04:08
1638349449072918000,91.4,1,91.3,8,91.6,6,2,2021-12-01 09:04:09
1638349449158723000,91.3,1,91.3,7,91.6,6,2,2021-12-01 09:04:09
1638349449428011000,91.3,2,91.3,5,91.5,1,2,2021-12-01 09:04:09
1638349449896992000,91.4,1,91.4,1,91.5,1,1,2021-12-01 09:04:09
1638349450045644000,91.4,1,91.1,1,91.5,2,2,2021-12-01 09:04:10
1638349450045644000,91.3,5,91.1,1,91.5,2,2,2021-12-01 09:04:10
1638349450045644000,91.2,2,91.1,1,91.5,2,2,2021-12-01 09:04:10
1638349450045644000,91.1,7,91.1,1,91.5,2,2,2021-12-01 09:04:10
1638349450095506000,91.1,1,91.1,1,91.5,11,2,2021-12-01 09:04:10
1638349450470828000,91.3,3,91.0,39,91.4,1,1,2021-12-01 09:04:10
1638349450470828000,91.2,1,91.0,39,91.4,1,2,2021-12-01 09:04:10
1638349450470828000,91.1,1,91.0,39,91.4,1,2,2021-12-01 09:04:10
1638349450470828000,91.0,5,91.0,39,91.4,1,2,2021-12-01 09:04:10
1638349450886928000,91.4,1,91.2,2,91.5,2,1,2021-12-01 09:04:10
1638349451761570000,91.2,1,91.2,2,91.3,5,2,2021-12-01 09:04:11
1638349451939343000,91.2,2,91.1,6,91.3,5,2,2021-12-01 09:04:11
1638349451972858000,91.3,2,91.1,6,91.3,3,1,2021-12-01 09:04:11
1638349451991946000,91.3,1,91.1,6,91.3,2,1,2021-12-01 09:04:11
1638349452007302000,91.3,1,91.1,6,91.3,1,1,2021-12-01 09:04:12
1638349452150938000,91.1,6,91.0,35,91.3,1,2,2021-12-01 09:04:12
1638349452150938000,91.0,4,91.0,35,91.3,1,2,2021-12-01 09:04:12
1638349452177509000,91.3,1,91.0,35,91.4,3,1,2021-12-01 09:04:12
1638349453541237000,91.2,2,91.1,6,91.4,3,2,2021-12-01 09:04:13
1638349453740310000,91.1,2,91.1,10,91.2,1,2,2021-12-01 09:04:13
1638349453852797000,91.2,1,91.1,10,91.4,5,1,2021-12-01 09:04:13
1638349454569365000,91.1,2,91.1,8,91.4,5,2,2021-12-01 09:04:14
1638349455116886000,91.3,1,91.2,5,91.3,10,1,2021-12-01 09:04:15
1638349455188128000,91.2,2,91.2,3,91.3,10,2,2021-12-01 09:04:15
1638349455271233000,91.2,2,91.2,1,91.3,10,2,2021-12-01 09:04:15
1638349455447655000,91.2,1,91.1,8,91.3,11,2,2021-12-01 09:04:15
1638349455464277000,91.1,8,91.0,34,91.3,11,2,2021-12-01 09:04:15
1638349455464277000,91.0,2,91.0,34,91.3,11,2,2021-12-01 09:04:15
1638349455474806000,91.0,1,91.0,33,91.3,11,2,2021-12-01 09:04:15
1638349456168430000,91.1,1,91.0,34,91.2,6,1,2021-12-01 09:04:16
1638349456553245000,91.0,1,91.0,34,91.2,6,2,2021-12-01 09:04:16
1638349456835913000,91.1,1,91.0,35,91.2,7,1,2021-12-01 09:04:16
1638349457129449000,91.1,1,91.1,2,91.2,7,1,2021-12-01 09:04:17
1638349457134888000,91.1,1,91.1,1,91.2,7,2,2021-12-01 09:04:17
1638349457161085000,91.2,7,91.4,69,91.5,4,1,2021-12-01 09:04:17
1638349457161085000,91.3,15,91.4,69,91.5,4,1,2021-12-01 09:04:17
1638349457161085000,91.4,9,91.4,69,91.5,4,1,2021-12-01 09:04:17
1638349457350438000,91.4,50,91.4,19,91.5,4,2,2021-12-01 09:04:17
1638349457586378000,91.4,1,91.4,18,91.5,3,2,2021-12-01 09:04:17
1638349457700576000,91.4,2,91.4,16,91.5,3,2,2021-12-01 09:04:17
1638349457954427000,91.4,2,91.4,14,91.5,3,2,2021-12-01 09:04:17
1638349457962446000,91.4,2,91.4,12,91.5,3,2,2021-12-01 09:04:17
1638349458340138000,91.4,1,91.4,11,91.5,3,2,2021-12-01 09:04:18
1638349458454166000,91.4,1,91.4,10,91.5,3,2,2021-12-01 09:04:18
1638349458488941000,91.4,10,91.2,2,91.5,3,2,2021-12-01 09:04:18
1638349458554827000,91.2,2,91.2,1,91.5,3,2,2021-12-01 09:04:18
1638349458580237000,91.2,1,91.0,46,91.5,3,2,2021-12-01 09:04:18
1638349458580237000,91.1,4,91.0,46,91.5,3,2,2021-12-01 09:04:18
1638349458901515000,91.3,1,91.1,9,91.4,52,1,2021-12-01 09:04:18
1638349458901515000,91.1,1,91.1,9,91.4,52,2,2021-12-01 09:04:18
1638349459111262000,91.1,1,91.1,7,91.2,1,2,2021-12-01 09:04:19
1638349459874545000,91.1,2,91.1,5,91.2,2,2,2021-12-01 09:04:19
1638349459887822000,91.2,1,91.1,5,91.2,1,1,2021-12-01 09:04:19
1638349459898296000,91.1,2,91.1,3,91.2,1,2,2021-12-01 09:04:19
1638349460162344000,91.2,1,91.1,1,91.4,3,1,2021-12-01 09:04:20
1638349460456660000,91.2,1,91.1,1,91.3,1,2,2021-12-01 09:04:20
1638349460510192000,91.3,1,91.1,1,91.4,2,1,2021-12-01 09:04:20
1638349460510192000,91.4,1,91.1,1,91.4,2,1,2021-12-01 09:04:20
1638349460547346000,91.1,1,91.0,47,91.3,2,2,2021-12-01 09:04:20
1638349460816867000,91.1,1,91.0,47,91.3,2,2,2021-12-01 09:04:20
1638349461233295000,91.2,1,91.1,2,91.2,1,1,2021-12-01 09:04:21
1638349462080838000,91.2,1,91.1,6,91.3,2,1,2021-12-01 09:04:22
1638349462080838000,91.3,1,91.1,6,91.3,2,1,2021-12-01 09:04:22
1638349462098865000,91.1,1,91.1,5,91.3,2,2,2021-12-01 09:04:22
1638349462355364000,91.1,1,91.1,9,91.3,2,2,2021-12-01 09:04:22
1638349462415246000,91.3,2,91.1,9,91.4,2,1,2021-12-01 09:04:22
1638349462415246000,91.4,13,91.1,9,91.4,2,1,2021-12-01 09:04:22
1638349462700825000,91.1,1,91.1,38,91.4,2,2,2021-12-01 09:04:22
1638349463037739000,91.1,1,91.1,52,91.4,2,2,2021-12-01 09:04:23
1638349463140816000,91.2,1,91.1,53,91.4,2,1,2021-12-01 09:04:23
1638349463170351000,91.1,1,91.1,52,91.4,2,2,2021-12-01 09:04:23
1638349463339839000,91.1,1,91.1,53,91.4,2,2,2021-12-01 09:04:23
1638349463433303000,91.1,1,91.1,53,91.4,2,2,2021-12-01 09:04:23
1638349463519358000,91.1,1,91.1,52,91.4,2,2,2021-12-01 09:04:23
1638349465145224000,91.3,1,91.2,14,91.4,14,1,2021-12-01 09:04:25
1638349465417607000,91.3,1,91.2,14,91.4,14,2,2021-12-01 09:04:25
1638349466099435000,91.3,1,91.3,3,91.4,14,2,2021-12-01 09:04:26
1638349466525326000,91.3,5,91.2,14,91.3,2,2,2021-12-01 09:04:26
1638349466751950000,91.3,1,91.2,13,91.3,1,1,2021-12-01 09:04:26
1638349466813592000,91.2,2,91.2,11,91.3,1,2,2021-12-01 09:04:26
1638349466980011000,91.3,1,91.2,11,91.4,16,1,2021-12-01 09:04:26
1638349467328223000,91.2,1,91.2,10,91.4,16,2,2021-12-01 09:04:27
1638349467344344000,91.4,1,91.2,10,91.4,15,1,2021-12-01 09:04:27
1638349467678320000,91.2,1,91.2,9,91.4,15,2,2021-12-01 09:04:27
1638349468658550000,91.4,1,91.3,3,91.4,15,1,2021-12-01 09:04:28
1638349469536908000,91.3,1,91.3,6,91.4,16,2,2021-12-01 09:04:29
1638349469878216000,91.4,10,91.3,6,91.4,6,1,2021-12-01 09:04:29
1638349469901597000,91.3,4,91.3,2,91.4,6,2,2021-12-01 09:04:29
1638349469904126000,91.4,2,91.3,2,91.4,4,1,2021-12-01 09:04:29
1638349469948555000,91.3,1,91.3,1,91.4,4,2,2021-12-01 09:04:29
1638349470072060000,91.3,1,91.2,53,91.4,4,2,2021-12-01 09:04:30
1638349470236288000,91.2,8,91.2,46,91.4,4,2,2021-12-01 09:04:30
1638349470273425000,91.2,1,91.2,45,91.4,4,2,2021-12-01 09:04:30
1638349470275194000,91.2,1,91.2,44,91.4,4,2,2021-12-01 09:04:30
1638349470358523000,91.2,3,91.2,41,91.4,6,2,2021-12-01 09:04:30
1638349470901791000,91.3,2,91.2,41,91.4,4,1,2021-12-01 09:04:30
1638349470901791000,91.4,3,91.2,41,91.4,4,1,2021-12-01 09:04:30
1638349470941963000,91.2,11,91.2,30,91.4,4,2,2021-12-01 09:04:30
1638349471198479000,91.3,1,91.3,2,91.4,4,1,2021-12-01 09:04:31
1638349471512023000,91.3,2,91.2,30,91.4,4,2,2021-12-01 09:04:31
1638349472024397000,91.4,1,91.2,31,91.4,3,1,2021-12-01 09:04:32
1638349472311787000,91.3,1,91.2,32,91.3,4,2,2021-12-01 09:04:32
1638349472625904000,91.2,1,91.2,31,91.3,4,2,2021-12-01 09:04:32
1638349473568237000,91.3,2,91.2,33,91.3,3,1,2021-12-01 09:04:33
1638349473578265000,91.2,5,91.2,28,91.3,3,2,2021-12-01 09:04:33
1638349473795200000,91.3,2,91.2,28,91.3,1,1,2021-12-01 09:04:33
1638349474058156000,91.3,1,91.2,28,91.4,5,1,2021-12-01 09:04:34
1638349474306942000,91.2,1,91.2,27,91.4,5,2,2021-12-01 09:04:34
1638349474848675000,91.4,2,91.3,3,91.4,5,1,2021-12-01 09:04:34
1638349475003028000,91.3,1,91.3,2,91.4,5,2,2021-12-01 09:04:35
1638349475192786000,91.3,2,91.2,27,91.3,2,2,2021-12-01 09:04:35
1638349475345242000,91.2,10,91.2,17,91.3,2,2,2021-12-01 09:04:35
1638349475522499000,91.3,2,91.3,23,91.4,7,1,2021-12-01 09:04:35
1638349475653946000,91.3,1,91.3,23,91.4,7,2,2021-12-01 09:04:35
1638349475863039000,91.4,1,91.3,23,91.4,6,1,2021-12-01 09:04:35
1638349476095454000,91.3,1,91.3,27,91.4,6,2,2021-12-01 09:04:36
1638349476287336000,91.3,6,91.3,21,91.4,6,2,2021-12-01 09:04:36
1638349476335415000,91.3,3,91.3,18,91.4,6,2,2021-12-01 09:04:36
1638349476400408000,91.3,1,91.3,17,91.4,6,2,2021-12-01 09:04:36
1638349476470577000,91.4,2,91.3,17,91.4,4,1,2021-12-01 09:04:36
1638349476518610000,91.4,4,91.3,17,91.5,10,1,2021-12-01 09:04:36
1638349476518610000,91.5,1,91.3,17,91.5,10,1,2021-12-01 09:04:36
1638349476936606000,91.3,1,91.3,18,91.4,7,2,2021-12-01 09:04:36
1638349477191543000,91.3,1,91.3,17,91.4,7,2,2021-12-01 09:04:37
1638349477840014000,91.3,3,91.3,14,91.4,7,2,2021-12-01 09:04:37
1638349478260846000,91.4,7,91.3,20,91.5,2,1,2021-12-01 09:04:38
1638349478260846000,91.5,8,91.3,20,91.5,2,1,2021-12-01 09:04:38
1638349478315254000,91.3,3,91.3,17,91.5,2,2,2021-12-01 09:04:38
1638349478337927000,91.3,5,91.3,12,91.5,2,2,2021-12-01 09:04:38
1638349478533661000,91.3,2,91.3,10,91.5,2,2,2021-12-01 09:04:38
1638349478689798000,91.4,1,91.4,1,91.5,2,1,2021-12-01 09:04:38
1638349479147493000,91.4,1,91.3,10,91.5,2,2,2021-12-01 09:04:39
1638349479550097000,91.4,2,91.3,19,91.5,3,1,2021-12-01 09:04:39
1638349479687653000,91.4,1,91.3,19,91.5,3,2,2021-12-01 09:04:39
1638349479797621000,91.3,2,91.3,17,91.5,3,2,2021-12-01 09:04:39
1638349481183719000,91.3,1,91.3,20,91.4,5,2,2021-12-01 09:04:41
1638349481282251000,91.3,1,91.3,19,91.4,5,2,2021-12-01 09:04:41
1638349481422355000,91.3,1,91.3,24,91.4,5,2,2021-12-01 09:04:41
1638349481469092000,91.4,10,91.3,24,91.4,5,1,2021-12-01 09:04:41
1638349481528324000,91.3,5,91.3,19,91.4,5,2,2021-12-01 09:04:41
1638349481929130000,91.3,1,91.3,18,91.4,5,2,2021-12-01 09:04:41
1638349482491574000,91.3,1,91.3,19,91.4,5,2,2021-12-01 09:04:42
1638349483165156000,91.3,1,91.3,21,91.4,5,2,2021-12-01 09:04:43
1638349483519162000,91.4,1,91.3,24,91.4,4,1,2021-12-01 09:04:43
1638349483530115000,91.4,4,91.3,24,91.5,5,1,2021-12-01 09:04:43
1638349483986317000,91.3,15,91.3,11,91.5,5,2,2021-12-01 09:04:43
1638349485107952000,91.3,2,91.3,11,91.4,1,2,2021-12-01 09:04:45
1638349485130022000,91.4,1,91.3,11,91.6,3,1,2021-12-01 09:04:45
1638349485130022000,91.5,5,91.3,11,91.6,3,1,2021-12-01 09:04:45
1638349485445659000,91.3,1,91.3,12,91.6,3,2,2021-12-01 09:04:45
1638349485878706000,91.4,1,91.3,12,91.6,3,1,2021-12-01 09:04:45
1638349485878706000,91.3,1,91.3,12,91.6,3,2,2021-12-01 09:04:45
1638349486060474000,91.6,3,91.3,16,91.8,7,1,2021-12-01 09:04:46
1638349486060474000,91.7,3,91.3,16,91.8,7,1,2021-12-01 09:04:46
1638349486060474000,91.8,4,91.3,16,91.8,7,1,2021-12-01 09:04:46
1638349486273716000,91.4,1,91.4,4,91.7,2,2,2021-12-01 09:04:46
1638349487082126000,91.4,4,91.3,19,91.7,2,2,2021-12-01 09:04:47
1638349487082126000,91.3,1,91.3,19,91.7,2,2,2021-12-01 09:04:47
1638349489388671000,91.7,1,91.5,4,91.7,3,1,2021-12-01 09:04:49
1638349491050258000,91.5,1,91.5,5,91.7,4,2,2021-12-01 09:04:51
1638349492199506000,91.6,1,91.5,5,91.7,4,1,2021-12-01 09:04:52
1638349492616980000,91.5,1,91.5,4,91.7,4,2,2021-12-01 09:04:52
1638349492811209000,91.7,1,91.5,4,91.7,3,1,2021-12-01 09:04:52
1638349493303151000,91.5,1,91.5,3,91.7,3,2,2021-12-01 09:04:53
1638349493342711000,91.7,1,91.5,3,91.7,2,1,2021-12-01 09:04:53
1638349493525678000,91.5,3,91.4,2,91.5,7,2,2021-12-01 09:04:53
1638349494115743000,91.5,2,91.4,2,91.5,5,1,2021-12-01 09:04:54
1638349494322731000,91.4,2,91.3,54,91.4,2,2,2021-12-01 09:04:54
1638349494387112000,91.4,1,91.3,54,91.4,1,1,2021-12-01 09:04:54
1638349494470030000,91.4,1,91.3,54,91.5,5,1,2021-12-01 09:04:54
1638349494728802000,91.3,2,91.3,52,91.5,6,2,2021-12-01 09:04:54
1638349495545628000,91.5,1,91.3,49,91.5,7,1,2021-12-01 09:04:55
1638349495682017000,91.4,1,91.3,49,91.4,9,2,2021-12-01 09:04:55
1638349495894037000,91.4,1,91.3,52,91.4,8,1,2021-12-01 09:04:55
1638349496042957000,91.4,1,91.3,52,91.4,7,1,2021-12-01 09:04:56
1638349496467376000,91.4,7,91.3,52,91.5,9,1,2021-12-01 09:04:56
1638349496576624000,91.5,1,91.3,52,91.5,8,1,2021-12-01 09:04:56
1638349496951100000,91.5,1,91.3,52,91.5,7,1,2021-12-01 09:04:56
1638349498084579000,91.4,1,91.4,1,91.5,17,2,2021-12-01 09:04:58
1638349498102068000,91.5,1,91.4,1,91.5,16,1,2021-12-01 09:04:58
1638349498291407000,91.5,16,91.4,31,91.6,3,1,2021-12-01 09:04:58
1638349499225474000,91.6,1,91.4,32,91.6,5,1,2021-12-01 09:04:59
1638349499374188000,91.4,1,91.4,31,91.6,5,2,2021-12-01 09:04:59
1638349499825194000,91.4,1,91.4,30,91.6,15,2,2021-12-01 09:04:59
1638349499919293000,91.4,2,91.4,28,91.6,15,2,2021-12-01 09:04:59
1638349500232515000,91.4,1,91.4,37,91.6,15,2,2021-12-01 09:05:00
1638349500608927000,91.4,1,91.4,37,91.5,1,2,2021-12-01 09:05:00
1638349500894279000,91.5,1,91.4,37,91.6,13,1,2021-12-01 09:05:00
1638349500894279000,91.6,2,91.4,37,91.6,13,1,2021-12-01 09:05:00
1638349501290425000,91.4,1,91.4,38,91.5,1,2,2021-12-01 09:05:01
1638349501433993000,91.4,10,91.4,28,91.5,1,2,2021-12-01 09:05:01
1638349501463623000,91.4,2,91.4,26,91.5,1,2,2021-12-01 09:05:01
1638349501555699000,91.5,1,91.4,26,91.6,9,1,2021-12-01 09:05:01
1638349501555699000,91.6,5,91.4,26,91.6,9,1,2021-12-01 09:05:01
1638349502646151000,91.6,1,91.5,1,91.6,9,1,2021-12-01 09:05:02
1638349503044584000,91.6,9,91.5,2,91.7,4,1,2021-12-01 09:05:03
1638349503172912000,91.5,1,91.5,3,91.7,4,2,2021-12-01 09:05:03
1638349503939079000,91.6,1,91.5,6,91.7,4,1,2021-12-01 09:05:03
1638349504612113000,91.5,1,91.5,20,91.7,4,2,2021-12-01 09:05:04
1638349507465979000,91.7,1,91.6,2,91.7,3,1,2021-12-01 09:05:07
1638349508178075000,91.7,3,91.6,4,91.8,14,1,2021-12-01 09:05:08
1638349508178075000,91.8,2,91.6,4,91.8,14,1,2021-12-01 09:05:08
1638349508618101000,91.8,1,91.6,4,91.8,13,1,2021-12-01 09:05:08
1638349508794616000,91.6,1,91.6,3,91.8,13,2,2021-12-01 09:05:08
1638349510402528000,91.6,2,91.6,2,91.8,14,2,2021-12-01 09:05:10
1638349511191548000,91.7,1,91.6,4,91.8,5,1,2021-12-01 09:05:11
1638349511191548000,91.8,9,91.6,4,91.8,5,1,2021-12-01 09:05:11
1638349511450364000,91.8,5,91.6,4,91.9,11,1,2021-12-01 09:05:11
1638349511572275000,91.8,1,91.7,1,91.9,11,1,2021-12-01 09:05:11
1638349511920010000,91.7,1,91.6,4,91.9,11,2,2021-12-01 09:05:11
1638349512228417000,91.6,5,91.5,45,91.9,11,2,2021-12-01 09:05:12
1638349512228417000,91.5,5,91.5,45,91.9,11,2,2021-12-01 09:05:12
1638349513220302000,91.6,3,91.5,40,91.9,11,1,2021-12-01 09:05:13
1638349513220302000,91.5,7,91.5,40,91.9,11,2,2021-12-01 09:05:13
1638349513961483000,91.9,1,91.5,42,91.9,9,1,2021-12-01 09:05:13
1638349514031996000,91.9,1,91.5,42,91.9,8,1,2021-12-01 09:05:14
1638349514507289000,91.6,1,91.6,1,91.8,2,2,2021-12-01 09:05:14
1638349515366989000,91.8,1,91.6,1,91.8,2,1,2021-12-01 09:05:15
1638349516088793000,91.8,2,91.6,1,91.9,8,1,2021-12-01 09:05:16
1638349517279780000,91.8,1,91.6,4,91.9,8,2,2021-12-01 09:05:17
1638349517643708000,91.9,1,91.6,5,91.9,7,1,2021-12-01 09:05:17
1638349518016881000,91.9,1,91.6,3,91.9,6,1,2021-12-01 09:05:18
1638349518645043000,91.8,1,91.6,7,91.7,2,2,2021-12-01 09:05:18
1638349518669408000,91.7,2,91.6,7,91.9,6,2,2021-12-01 09:05:18
1638349519263234000,91.9,1,91.7,2,91.9,5,1,2021-12-01 09:05:19
1638349519722040000,91.9,1,91.8,2,91.9,4,1,2021-12-01 09:05:19
1638349520152332000,91.8,3,91.6,8,91.9,4,2,2021-12-01 09:05:20
1638349520152332000,91.7,4,91.6,8,91.9,4,2,2021-12-01 09:05:20
1638349520152332000,91.6,3,91.6,8,91.9,4,2,2021-12-01 09:05:20
1638349520227463000,91.9,4,91.9,1,92.0,11,1,2021-12-01 09:05:20
1638349520328209000,91.9,1,91.8,3,91.9,1,2,2021-12-01 09:05:20
1638349520666572000,91.9,1,91.8,3,92.0,2,1,2021-12-01 09:05:20
1638349520666572000,92.0,9,91.8,3,92.0,2,1,2021-12-01 09:05:20
1638349521448386000,91.8,3,91.6,2,92.0,11,2,2021-12-01 09:05:21
1638349521448386000,91.6,7,91.6,2,92.0,11,2,2021-12-01 09:05:21
1638349521762020000,91.9,1,91.7,4,92.0,16,1,2021-12-01 09:05:21
1638349522428151000,91.8,2,91.7,4,91.9,1,2,2021-12-01 09:05:22
1638349522428151000,91.9,1,91.7,4,91.9,1,1,2021-12-01 09:05:22
1638349522623805000,91.9,1,91.7,4,92.0,17,1,2021-12-01 09:05:22
1638349522813414000,92.0,1,91.7,4,92.0,17,1,2021-12-01 09:05:22
1638349523185145000,92.0,1,91.7,4,92.0,17,1,2021-12-01 09:05:23
1638349524786955000,91.9,1,91.7,6,91.9,23,2,2021-12-01 09:05:24
1638349525001036000,91.8,1,91.7,6,91.9,23,2,2021-12-01 09:05:25
1638349525124415000,91.8,1,91.7,7,91.9,23,1,2021-12-01 09:05:25
1638349525796177000,91.8,1,91.7,7,91.9,24,1,2021-12-01 09:05:25
1638349525875672000,91.8,1,91.7,7,91.9,24,2,2021-12-01 09:05:25
1638349526492935000,91.8,1,91.7,7,91.8,2,1,2021-12-01 09:05:26
1638349526730281000,91.8,2,91.7,7,91.9,18,1,2021-12-01 09:05:26
1638349526730281000,91.9,8,91.7,7,91.9,18,1,2021-12-01 09:05:26
1638349527118618000,91.8,1,91.7,8,91.9,18,2,2021-12-01 09:05:27
1638349527635358000,91.9,1,91.8,1,91.9,17,1,2021-12-01 09:05:27
1638349528189091000,91.8,1,91.7,10,91.9,17,2,2021-12-01 09:05:28
1638349528236008000,91.9,1,91.8,1,91.9,16,1,2021-12-01 09:05:28
1638349528703043000,91.9,3,91.8,2,91.9,13,1,2021-12-01 09:05:28
1638349529262088000,91.9,13,91.8,8,92.1,6,1,2021-12-01 09:05:29
1638349529262088000,92.0,20,91.8,8,92.1,6,1,2021-12-01 09:05:29
1638349529262088000,92.1,7,91.8,8,92.1,6,1,2021-12-01 09:05:29
1638349530159590000,92.0,1,91.9,1,92.1,6,2,2021-12-01 09:05:30
1638349530564115000,92.0,1,91.9,1,92.1,6,2,2021-12-01 09:05:30
1638349531208582000,92.1,5,91.9,1,92.1,1,1,2021-12-01 09:05:31
1638349531647189000,92.0,1,92.0,4,92.1,2,2,2021-12-01 09:05:31
1638349532411147000,92.1,1,92.0,9,92.1,1,1,2021-12-01 09:05:32
1638349532841712000,92.1,1,92.0,9,92.2,3,1,2021-12-01 09:05:32
1638349533133073000,92.2,1,92.0,10,92.2,2,1,2021-12-01 09:05:33
1638349534091466000,92.2,2,92.1,1,92.3,1,1,2021-12-01 09:05:34
1638349534091466000,92.3,8,92.1,1,92.3,1,1,2021-12-01 09:05:34
1638349534214416000,92.3,1,92.0,12,92.1,1,1,2021-12-01 09:05:34
1638349534214886000,92.1,1,92.0,12,92.1,1,2,2021-12-01 09:05:34
1638349534241488000,92.1,1,92.0,12,92.4,7,1,2021-12-01 09:05:34
1638349534626736000,92.4,2,92.1,1,92.4,7,1,2021-12-01 09:05:34
1638349535032148000,92.4,2,92.1,1,92.4,5,1,2021-12-01 09:05:35
1638349535062002000,92.4,5,92.1,1,92.5,19,1,2021-12-01 09:05:35
1638349535062002000,92.5,1,92.1,1,92.5,19,1,2021-12-01 09:05:35
1638349535924070000,92.5,1,92.1,7,92.5,18,1,2021-12-01 09:05:35
1638349536309558000,92.5,17,92.3,1,92.6,1,1,2021-12-01 09:05:36
1638349536521564000,92.4,1,92.3,1,92.6,1,2,2021-12-01 09:05:36
1638349536923052000,92.6,1,92.3,1,92.6,1,1,2021-12-01 09:05:36
1638349537016203000,92.6,1,92.3,1,92.7,5,1,2021-12-01 09:05:37
1638349537052205000,92.4,12,92.3,1,92.9,1,2,2021-12-01 09:05:37
1638349537052205000,92.7,5,92.3,1,92.9,1,1,2021-12-01 09:05:37
1638349537052205000,92.8,4,92.3,1,92.9,1,1,2021-12-01 09:05:37
1638349537133692000,92.8,1,92.4,2,93.0,20,1,2021-12-01 09:05:37
1638349537133692000,92.9,1,92.4,2,93.0,20,1,2021-12-01 09:05:37
1638349537133692000,93.0,3,92.4,2,93.0,20,1,2021-12-01 09:05:37
1638349537283943000,92.9,1,92.4,4,93.0,19,2,2021-12-01 09:05:37
1638349537283943000,93.0,1,92.4,4,93.0,19,1,2021-12-01 09:05:37
1638349537518160000,93.0,1,92.4,4,93.0,18,1,2021-12-01 09:05:37
1638349537557212000,93.0,2,92.4,4,93.0,16,1,2021-12-01 09:05:37
1638349537596731000,93.0,2,92.4,4,93.0,14,1,2021-12-01 09:05:37
1638349538006883000,92.4,1,92.4,3,93.0,14,2,2021-12-01 09:05:38
1638349538209299000,93.0,1,92.6,1,93.0,12,1,2021-12-01 09:05:38
1638349538209580000,93.0,1,92.6,1,93.0,12,1,2021-12-01 09:05:38
1638349538233815000,93.0,1,92.6,1,93.0,11,1,2021-12-01 09:05:38
1638349538377258000,92.6,1,92.5,3,93.0,21,2,2021-12-01 09:05:38
1638349538693428000,92.9,1,92.6,1,93.0,29,1,2021-12-01 09:05:38
1638349538693428000,93.0,2,92.6,1,93.0,29,1,2021-12-01 09:05:38
1638349538880646000,92.8,1,92.8,1,93.0,29,2,2021-12-01 09:05:38
1638349539246384000,93.0,1,92.8,1,93.0,28,1,2021-12-01 09:05:39
1638349539328246000,93.0,1,92.8,1,93.0,27,1,2021-12-01 09:05:39
1638349539567508000,93.0,8,92.8,1,93.0,19,1,2021-12-01 09:05:39
1638349539698553000,93.0,1,92.8,1,93.0,28,1,2021-12-01 09:05:39
1638349539853658000,93.0,1,92.9,2,93.0,37,1,2021-12-01 09:05:39
1638349539920782000,93.0,1,92.9,2,93.0,37,1,2021-12-01 09:05:39
1638349539976083000,93.0,1,92.9,2,93.0,46,1,2021-12-01 09:05:39
1638349539989866000,92.9,2,92.8,1,93.0,46,2,2021-12-01 09:05:39
1638349540240192000,92.8,1,92.6,2,93.0,46,2,2021-12-01 09:05:40
1638349540321314000,93.0,1,92.6,2,93.0,45,1,2021-12-01 09:05:40
1638349540552610000,93.0,10,92.9,1,93.0,35,1,2021-12-01 09:05:40
1638349540633494000,92.9,1,92.6,2,93.0,35,2,2021-12-01 09:05:40
1638349540642398000,93.0,2,92.6,2,93.0,33,1,2021-12-01 09:05:40
1638349540834259000,93.0,1,92.6,2,93.0,32,1,2021-12-01 09:05:40
1638349540879063000,93.0,1,92.6,2,93.0,31,1,2021-12-01 09:05:40
1638349540966161000,93.0,1,92.6,2,93.0,30,1,2021-12-01 09:05:40
1638349541082997000,93.0,1,92.6,2,93.0,29,1,2021-12-01 09:05:41
1638349541129188000,93.0,1,92.6,2,93.0,28,1,2021-12-01 09:05:41
1638349541422403000,93.0,1,92.6,2,93.0,27,1,2021-12-01 09:05:41
1638349541512487000,92.9,1,92.8,10,93.0,27,2,2021-12-01 09:05:41
1638349541696437000,93.0,1,92.8,10,93.0,36,1,2021-12-01 09:05:41
1638349541883789000,93.0,1,92.8,10,93.0,45,1,2021-12-01 09:05:41
1638349541980818000,93.0,1,92.8,10,93.0,44,1,2021-12-01 09:05:41
1638349542276209000,93.0,2,92.8,10,93.0,42,1,2021-12-01 09:05:42
1638349542280606000,93.0,1,92.8,10,93.0,41,1,2021-12-01 09:05:42
1638349542370284000,92.9,1,92.8,1,93.0,41,2,2021-12-01 09:05:42
1638349542370284000,92.8,9,92.8,1,93.0,41,2,2021-12-01 09:05:42
1638349542477962000,93.0,1,92.8,1,93.0,40,1,2021-12-01 09:05:42
1638349542592995000,93.0,1,92.8,1,93.0,39,1,2021-12-01 09:05:42
1638349542938282000,93.0,1,92.8,1,93.0,38,1,2021-12-01 09:05:42
1638349542958041000,93.0,1,92.8,1,93.0,37,1,2021-12-01 09:05:42
1638349543083292000,93.0,1,92.8,1,93.0,36,1,2021-12-01 09:05:43
1638349543096962000,93.0,2,92.8,1,93.0,34,1,2021-12-01 09:05:43
1638349543207326000,93.0,2,92.8,1,93.0,32,1,2021-12-01 09:05:43
1638349543384104000,93.0,2,92.8,1,93.0,30,1,2021-12-01 09:05:43
1638349543491788000,93.0,1,92.8,1,93.0,30,1,2021-12-01 09:05:43
1638349543611775000,93.0,1,92.8,1,93.0,29,1,2021-12-01 09:05:43
1638349543725694000,93.0,20,92.8,1,93.0,9,1,2021-12-01 09:05:43
1638349543840641000,93.0,1,92.9,1,93.0,18,1,2021-12-01 09:05:43
1638349543873415000,93.0,1,92.9,1,93.0,17,1,2021-12-01 09:05:43
1638349543950232000,93.0,9,92.9,3,93.0,8,1,2021-12-01 09:05:43
1638349544159524000,92.9,1,92.9,2,93.0,18,2,2021-12-01 09:05:44
1638349544379788000,92.9,2,92.6,2,92.8,7,2,2021-12-01 09:05:44
1638349544379788000,92.8,1,92.6,2,92.8,7,2,2021-12-01 09:05:44
1638349544396568000,92.8,1,92.6,2,92.8,6,1,2021-12-01 09:05:44
1638349544439244000,92.8,2,92.6,2,92.8,4,1,2021-12-01 09:05:44
1638349544506357000,92.8,4,92.6,2,93.0,17,1,2021-12-01 09:05:44
1638349544506357000,93.0,1,92.6,2,93.0,17,1,2021-12-01 09:05:44
1638349544590436000,93.0,1,92.6,3,93.0,16,1,2021-12-01 09:05:44
1638349544709823000,92.9,1,92.6,3,93.0,13,2,2021-12-01 09:05:44
1638349544709823000,93.0,4,92.6,3,93.0,13,1,2021-12-01 09:05:44
1638349544756018000,93.0,13,92.6,3,93.7,1,1,2021-12-01 09:05:44
1638349544756018000,93.1,3,92.6,3,93.7,1,1,2021-12-01 09:05:44
1638349544756018000,93.2,1,92.6,3,93.7,1,1,2021-12-01 09:05:44
1638349544756018000,93.3,1,92.6,3,93.7,1,1,2021-12-01 09:05:44
1638349544756018000,93.4,2,92.6,3,93.7,1,1,2021-12-01 09:05:44
1638349544756018000,93.5,12,92.6,3,93.7,1,1,2021-12-01 09:05:44
1638349544756018000,93.6,2,92.6,3,93.7,1,1,2021-12-01 09:05:44
1638349544756018000,93.7,6,92.6,3,93.7,1,1,2021-12-01 09:05:44
1638349544777020000,93.7,1,93.0,5,93.8,15,1,2021-12-01 09:05:44
1638349544777020000,93.8,1,93.0,5,93.8,15,1,2021-12-01 09:05:44
1638349544828312000,93.1,1,93.1,6,93.8,15,2,2021-12-01 09:05:44
1638349544926622000,93.8,10,93.2,2,93.8,5,1,2021-12-01 09:05:44
1638349544939770000,93.8,5,93.2,2,94.0,23,1,2021-12-01 09:05:44
1638349544939770000,94.0,5,93.2,2,94.0,23,1,2021-12-01 09:05:44
1638349544968866000,94.0,1,93.2,2,94.0,22,1,2021-12-01 09:05:44
1638349544977704000,94.0,12,93.2,2,94.0,10,1,2021-12-01 09:05:44
1638349545029768000,94.0,3,93.2,2,94.0,7,1,2021-12-01 09:05:45
1638349545061375000,94.0,2,93.2,2,94.0,5,1,2021-12-01 09:05:45
1638349545153027000,94.0,1,93.2,2,94.0,4,1,2021-12-01 09:05:45
1638349545156184000,93.2,1,93.2,1,94.0,4,2,2021-12-01 09:05:45
1638349545251170000,93.2,1,93.1,2,93.9,1,2,2021-12-01 09:05:45
1638349545251170000,93.1,2,93.1,2,93.9,1,2,2021-12-01 09:05:45
1638349545261098000,93.9,1,93.1,2,94.0,4,1,2021-12-01 09:05:45
1638349545278226000,94.0,1,93.1,2,94.0,3,1,2021-12-01 09:05:45
1638349545324825000,93.9,1,93.1,2,94.0,3,2,2021-12-01 09:05:45
1638349545405399000,94.0,1,93.1,2,94.0,2,1,2021-12-01 09:05:45
1638349545445057000,94.0,1,93.2,2,94.0,1,1,2021-12-01 09:05:45
1638349545552762000,94.0,1,93.2,2,94.5,3,1,2021-12-01 09:05:45
1638349545552762000,94.1,1,93.2,2,94.5,3,1,2021-12-01 09:05:45
1638349545552762000,94.2,1,93.2,2,94.5,3,1,2021-12-01 09:05:45
1638349545552762000,94.3,1,93.2,2,94.5,3,1,2021-12-01 09:05:45
1638349545589854000,93.5,2,93.0,13,94.5,3,2,2021-12-01 09:05:45
1638349545589854000,93.2,2,93.0,13,94.5,3,2,2021-12-01 09:05:45
1638349545589854000,93.1,2,93.0,13,94.5,3,2,2021-12-01 09:05:45
1638349545589854000,93.0,1,93.0,13,94.5,3,2,2021-12-01 09:05:45
1638349545777931000,93.9,1,93.3,3,94.4,2,1,2021-12-01 09:05:45
1638349545987924000,94.4,1,93.3,3,94.4,1,1,2021-12-01 09:05:45
1638349546051213000,94.4,1,93.3,10,94.5,2,1,2021-12-01 09:05:46
1638349546051213000,94.5,1,93.3,10,94.5,2,1,2021-12-01 09:05:46
1638349546273631000,94.5,2,93.4,1,94.6,1,1,2021-12-01 09:05:46
1638349546421630000,93.9,2,93.6,1,94.6,1,2,2021-12-01 09:05:46
1638349547037178000,93.8,2,93.8,1,94.4,10,2,2021-12-01 09:05:47
1638349547191099000,94.1,1,93.9,1,94.3,1,1,2021-12-01 09:05:47
1638349547209494000,94.3,1,93.9,1,94.4,9,1,2021-12-01 09:05:47
1638349547209494000,94.4,1,93.9,1,94.4,9,1,2021-12-01 09:05:47
1638349547357560000,94.4,1,93.8,1,94.4,8,1,2021-12-01 09:05:47
1638349547629134000,93.9,1,93.8,4,94.4,8,2,2021-12-01 09:05:47
1638349547744502000,93.8,1,93.8,3,94.3,1,2,2021-12-01 09:05:47
1638349547813006000,93.8,1,93.8,2,94.3,1,2,2021-12-01 09:05:47
1638349547837242000,93.8,2,93.7,5,94.3,1,2,2021-12-01 09:05:47
1638349548055471000,94.3,1,93.7,5,94.4,9,1,2021-12-01 09:05:48
1638349548055471000,94.4,2,93.7,5,94.4,9,1,2021-12-01 09:05:48
1638349548069576000,94.4,3,93.7,5,94.4,6,1,2021-12-01 09:05:48
1638349548333896000,94.3,1,93.8,3,94.3,21,2,2021-12-01 09:05:48
1638349549133609000,94.2,1,93.8,2,94.2,1,2,2021-12-01 09:05:49
1638349549286801000,94.2,1,93.8,2,94.3,21,1,2021-12-01 09:05:49
1638349549506354000,93.8,1,93.7,5,94.1,1,2,2021-12-01 09:05:49
1638349549548877000,94.1,1,93.7,5,94.2,1,1,2021-12-01 09:05:49
1638349549556057000,94.2,1,93.7,5,94.3,21,1,2021-12-01 09:05:49
1638349549697710000,94.1,2,93.7,5,94.2,2,2,2021-12-01 09:05:49
1638349549743431000,94.2,1,93.7,5,94.2,1,1,2021-12-01 09:05:49
1638349549745920000,94.2,1,93.7,5,94.3,17,1,2021-12-01 09:05:49
1638349549745920000,94.3,4,93.7,5,94.3,17,1,2021-12-01 09:05:49
1638349549872887000,94.2,1,93.9,3,94.2,1,2,2021-12-01 09:05:49
1638349549972268000,94.1,1,93.9,2,94.1,9,2,2021-12-01 09:05:49
1638349550067518000,94.1,1,93.9,2,94.1,8,1,2021-12-01 09:05:50
1638349550076864000,94.1,1,93.9,2,94.1,7,1,2021-12-01 09:05:50
1638349550225496000,94.1,7,93.9,3,94.2,1,1,2021-12-01 09:05:50
1638349550265105000,94.2,1,93.9,3,94.3,13,1,2021-12-01 09:05:50
1638349550265105000,94.3,4,93.9,3,94.3,13,1,2021-12-01 09:05:50
1638349550539892000,94.3,4,93.9,7,94.3,9,1,2021-12-01 09:05:50
1638349550628150000,94.3,1,93.9,7,94.3,8,1,2021-12-01 09:05:50
1638349550650189000,94.3,1,93.9,7,94.3,7,1,2021-12-01 09:05:50
1638349551191904000,94.0,1,93.9,3,94.1,50,2,2021-12-01 09:05:51
1638349551442021000,93.9,1,93.9,3,94.1,50,2,2021-12-01 09:05:51
1638349551645943000,94.1,1,94.0,1,94.1,49,1,2021-12-01 09:05:51
1638349551735220000,94.1,1,94.0,1,94.1,58,1,2021-12-01 09:05:51
1638349551932190000,94.0,1,93.9,3,94.1,60,2,2021-12-01 09:05:51
1638349551994481000,94.1,1,93.9,3,94.1,59,1,2021-12-01 09:05:51
1638349552032032000,94.1,29,93.9,3,94.1,30,1,2021-12-01 09:05:52
1638349552096747000,94.1,1,93.9,3,94.1,29,1,2021-12-01 09:05:52
1638349552149718000,94.1,1,93.9,3,94.1,28,1,2021-12-01 09:05:52
1638349552177957000,94.1,1,93.9,3,94.1,27,1,2021-12-01 09:05:52
1638349552233642000,93.9,1,93.9,2,94.1,27,2,2021-12-01 09:05:52
1638349552336311000,94.0,1,94.0,9,94.1,27,1,2021-12-01 09:05:52
1638349552339111000,94.0,9,93.9,1,94.0,1,2,2021-12-01 09:05:52
1638349552397737000,94.0,1,93.9,1,94.1,27,1,2021-12-01 09:05:52
1638349552595537000,94.1,2,93.9,1,94.1,25,1,2021-12-01 09:05:52
1638349552602734000,94.1,1,93.9,1,94.1,24,1,2021-12-01 09:05:52
1638349552747829000,93.9,1,93.8,2,94.1,24,2,2021-12-01 09:05:52
1638349552890266000,93.9,1,93.9,1,94.1,24,2,2021-12-01 09:05:52
1638349552928412000,94.1,1,93.9,1,94.1,23,1,2021-12-01 09:05:52
1638349553063825000,94.0,1,93.9,1,94.0,1,2,2021-12-01 09:05:53
1638349553102366000,94.0,1,93.9,1,94.1,23,1,2021-12-01 09:05:53
1638349553187180000,94.1,1,93.9,1,94.1,22,1,2021-12-01 09:05:53
1638349553484646000,94.0,1,93.9,1,94.0,2,2,2021-12-01 09:05:53
1638349553514687000,94.0,1,93.9,1,94.0,1,1,2021-12-01 09:05:53
1638349553583841000,94.0,1,93.9,1,94.1,13,1,2021-12-01 09:05:53
1638349553583841000,94.1,9,93.9,1,94.1,13,1,2021-12-01 09:05:53
1638349553584406000,93.9,1,93.8,2,93.9,1,2,2021-12-01 09:05:53
1638349553646232000,93.9,1,93.8,2,94.1,8,1,2021-12-01 09:05:53
1638349553646232000,94.1,5,93.8,2,94.1,8,1,2021-12-01 09:05:53
1638349553681201000,93.8,2,93.7,6,94.1,8,2,2021-12-01 09:05:53
1638349553903279000,94.0,1,94.0,1,94.1,8,1,2021-12-01 09:05:53
1638349553928432000,94.0,1,93.7,6,94.1,8,2,2021-12-01 09:05:53
1638349554069059000,94.1,1,93.9,1,94.1,7,1,2021-12-01 09:05:54
1638349554180501000,94.1,1,93.9,1,94.1,6,1,2021-12-01 09:05:54
1638349554221449000,94.1,1,93.9,1,94.1,5,1,2021-12-01 09:05:54
1638349554269713000,93.9,1,93.7,7,94.1,5,2,2021-12-01 09:05:54
1638349554447512000,94.0,1,93.7,7,94.1,5,1,2021-12-01 09:05:54
1638349554738458000,93.7,1,93.7,6,93.9,10,2,2021-12-01 09:05:54
1638349554902679000,93.9,1,93.7,6,93.9,9,1,2021-12-01 09:05:54
1638349554940261000,93.9,3,93.7,6,93.9,6,1,2021-12-01 09:05:54
1638349554957110000,93.9,2,93.7,6,93.9,4,1,2021-12-01 09:05:54
1638349554962869000,93.9,1,93.7,6,93.9,3,1,2021-12-01 09:05:54
1638349555067245000,93.9,1,93.7,12,93.9,2,1,2021-12-01 09:05:55
1638349555162369000,93.9,3,93.7,12,93.9,9,1,2021-12-01 09:05:55
1638349555268952000,93.9,2,93.7,12,93.9,7,1,2021-12-01 09:05:55
1638349555335741000,93.9,1,93.7,12,93.9,6,1,2021-12-01 09:05:55
1638349555389839000,93.9,6,94.0,3,94.1,6,1,2021-12-01 09:05:55
1638349555389839000,94.0,1,94.0,3,94.1,6,1,2021-12-01 09:05:55
1638349555398639000,94.1,1,94.0,3,94.1,6,1,2021-12-01 09:05:55
1638349555412617000,94.1,1,94.0,3,94.1,5,1,2021-12-01 09:05:55
1638349555518944000,94.0,1,94.0,2,94.1,5,2,2021-12-01 09:05:55
1638349555596369000,94.0,1,94.0,1,94.1,6,2,2021-12-01 09:05:55
1638349555628941000,94.0,1,93.7,12,93.8,5,2,2021-12-01 09:05:55
1638349555659442000,93.8,1,93.7,12,93.8,4,2,2021-12-01 09:05:55
1638349555702950000,93.8,1,93.7,12,93.8,3,1,2021-12-01 09:05:55
1638349556141061000,93.8,3,93.7,12,94.0,3,1,2021-12-01 09:05:56
1638349556153616000,94.0,1,93.7,12,94.0,2,1,2021-12-01 09:05:56
1638349556205090000,94.0,1,93.7,12,94.0,1,1,2021-12-01 09:05:56
1638349556228178000,93.7,2,93.7,10,94.0,1,2,2021-12-01 09:05:56
1638349556390599000,94.0,1,93.7,10,94.0,10,1,2021-12-01 09:05:56
1638349556435796000,94.0,1,93.7,10,94.0,9,1,2021-12-01 09:05:56
1638349556438482000,94.0,1,93.7,10,94.0,8,1,2021-12-01 09:05:56
1638349557055986000,94.0,4,93.7,10,94.0,4,1,2021-12-01 09:05:57
1638349557082413000,94.0,1,93.7,10,94.0,4,1,2021-12-01 09:05:57
1638349557203492000,94.0,1,93.7,10,94.0,3,1,2021-12-01 09:05:57
1638349557494917000,93.9,1,93.7,10,94.0,4,2,2021-12-01 09:05:57
1638349557875481000,93.9,1,93.7,10,93.9,14,1,2021-12-01 09:05:57
1638349557942626000,93.9,1,93.7,10,93.9,13,1,2021-12-01 09:05:57
1638349557949096000,93.7,1,93.7,9,93.9,13,2,2021-12-01 09:05:57
1638349558045596000,93.9,2,93.7,10,93.9,11,1,2021-12-01 09:05:58
1638349558065794000,93.7,9,93.7,1,93.9,11,2,2021-12-01 09:05:58
1638349558129059000,93.9,2,93.7,1,93.9,9,1,2021-12-01 09:05:58
1638349558156394000,93.7,1,93.7,3,93.9,9,2,2021-12-01 09:05:58
1638349558188109000,93.7,1,93.7,2,93.9,9,2,2021-12-01 09:05:58
1638349558222231000,93.7,2,93.5,1,93.9,9,2,2021-12-01 09:05:58
1638349558276892000,93.9,2,93.5,1,93.9,7,1,2021-12-01 09:05:58
1638349558493553000,93.9,1,93.5,1,93.9,6,1,2021-12-01 09:05:58
1638349558523087000,93.5,1,93.4,4,93.5,1,2,2021-12-01 09:05:58
1638349558552213000,93.5,1,93.3,3,93.9,6,1,2021-12-01 09:05:58
1638349558569113000,93.9,1,93.3,3,93.9,5,1,2021-12-01 09:05:58
1638349558687380000,93.9,1,93.7,1,93.9,4,1,2021-12-01 09:05:58
1638349559246362000,93.9,1,93.7,2,93.9,3,1,2021-12-01 09:05:59
1638349559322678000,93.7,1,93.7,1,93.9,3,2,2021-12-01 09:05:59
1638349559407964000,93.7,1,93.3,1,93.9,3,2,2021-12-01 09:05:59
1638349559407964000,93.6,2,93.3,1,93.9,3,2,2021-12-01 09:05:59
1638349559407964000,93.3,2,93.3,1,93.9,3,2,2021-12-01 09:05:59
1638349559632444000,93.8,1,93.7,1,93.9,3,1,2021-12-01 09:05:59
1638349559936324000,93.8,1,93.8,9,93.9,3,2,2021-12-01 09:05:59
1638349560238281000,93.8,3,93.8,6,93.9,13,2,2021-12-01 09:06:00
1638349560271202000,93.8,6,93.7,3,93.9,13,2,2021-12-01 09:06:00
1638349560408572000,93.7,1,93.7,2,93.9,13,2,2021-12-01 09:06:00
1638349560497406000,93.9,1,93.7,2,93.9,13,1,2021-12-01 09:06:00
1638349560592349000,93.9,2,93.7,3,93.9,11,1,2021-12-01 09:06:00
1638349560845859000,93.9,5,93.7,3,93.9,6,1,2021-12-01 09:06:00
1638349560866631000,93.7,1,93.7,2,93.9,6,2,2021-12-01 09:06:00
1638349560957019000,93.7,10,93.7,2,93.9,6,2,2021-12-01 09:06:00
1638349561083548000,93.9,1,93.7,2,93.9,5,1,2021-12-01 09:06:01
1638349561230797000,93.9,1,93.7,4,93.9,4,1,2021-12-01 09:06:01
1638349561384363000,93.7,4,93.2,2,93.9,4,2,2021-12-01 09:06:01
1638349561384363000,93.4,2,93.2,2,93.9,4,2,2021-12-01 09:06:01
1638349561384363000,93.3,1,93.2,2,93.9,4,2,2021-12-01 09:06:01
1638349561384363000,93.2,3,93.2,2,93.9,4,2,2021-12-01 09:06:01
1638349561538734000,93.2,1,93.2,1,93.9,4,2,2021-12-01 09:06:01
1638349561643520000,93.7,1,93.4,1,93.9,4,1,2021-12-01 09:06:01
1638349561656492000,93.9,1,93.4,1,93.9,3,1,2021-12-01 09:06:01
1638349561677140000,93.9,1,93.4,1,93.9,2,1,2021-12-01 09:06:01
1638349561741585000,93.9,2,93.9,3,94.0,22,1,2021-12-01 09:06:01
1638349561887924000,93.9,1,93.9,2,94.0,22,2,2021-12-01 09:06:01
1638349561933354000,93.9,1,93.9,1,94.0,22,2,2021-12-01 09:06:01
1638349562076003000,94.0,1,93.9,1,94.0,21,1,2021-12-01 09:06:02
1638349562377430000,94.0,1,93.9,3,94.0,20,1,2021-12-01 09:06:02
1638349562511880000,93.9,2,93.9,1,94.0,20,2,2021-12-01 09:06:02
1638349562555864000,93.9,1,93.7,1,94.0,20,2,2021-12-01 09:06:02
1638349562555864000,93.8,1,93.7,1,94.0,20,2,2021-12-01 09:06:02
1638349562588994000,93.7,1,93.5,1,94.0,20,2,2021-12-01 09:06:02
1638349563060145000,93.9,1,93.5,1,93.9,5,1,2021-12-01 09:06:03
1638349563192559000,93.5,1,93.4,4,93.9,5,2,2021-12-01 09:06:03
1638349563597466000,93.9,1,93.4,5,93.9,4,1,2021-12-01 09:06:03
1638349563777697000,93.9,1,93.4,5,93.9,3,1,2021-12-01 09:06:03
1638349563891218000,93.8,1,93.8,9,93.9,3,2,2021-12-01 09:06:03
1638349563915996000,93.8,9,93.4,4,93.9,3,2,2021-12-01 09:06:03
1638349563915996000,93.4,1,93.4,4,93.9,3,2,2021-12-01 09:06:03
1638349564044871000,93.9,1,93.4,1,94.0,12,1,2021-12-01 09:06:04
1638349564044871000,94.0,9,93.4,1,94.0,12,1,2021-12-01 09:06:04
1638349564363553000,93.8,2,93.7,1,93.8,8,2,2021-12-01 09:06:04
1638349564444388000,93.8,1,93.7,1,93.8,7,1,2021-12-01 09:06:04
1638349564929449000,93.7,2,93.5,1,93.8,7,2,2021-12-01 09:06:04
1638349564929449000,93.5,2,93.5,1,93.8,7,2,2021-12-01 09:06:04
1638349565525989000,93.6,1,93.5,2,93.6,5,1,2021-12-01 09:06:05
1638349565560532000,93.6,1,93.5,2,93.6,4,1,2021-12-01 09:06:05
1638349565761260000,93.6,2,93.5,2,93.6,2,1,2021-12-01 09:06:05
1638349565916157000,93.5,1,93.5,1,93.6,2,2,2021-12-01 09:06:05
1638349566441278000,93.6,1,93.5,1,93.6,1,1,2021-12-01 09:06:06
1638349566657675000,93.6,1,93.5,1,93.7,1,1,2021-12-01 09:06:06
1638349566657675000,93.7,1,93.5,1,93.7,1,1,2021-12-01 09:06:06
1638349567088691000,93.7,1,93.5,2,93.8,8,1,2021-12-01 09:06:07
1638349567176539000,93.5,1,93.5,1,93.8,8,2,2021-12-01 09:06:07
1638349567203453000,93.5,1,93.4,1,93.8,8,2,2021-12-01 09:06:07
1638349567242457000,93.5,2,93.4,1,93.8,9,2,2021-12-01 09:06:07
1638349567452286000,93.8,1,93.4,1,93.8,8,1,2021-12-01 09:06:07
1638349567551467000,93.6,1,93.5,1,93.6,1,2,2021-12-01 09:06:07
1638349568246346000,93.6,1,93.5,1,93.7,1,1,2021-12-01 09:06:08
1638349568664436000,93.7,1,93.6,1,93.8,8,1,2021-12-01 09:06:08
1638349569143811000,93.8,1,93.6,1,93.8,7,1,2021-12-01 09:06:09
1638349569271385000,93.6,1,93.4,2,93.8,7,2,2021-12-01 09:06:09
1638349569271385000,93.5,3,93.4,2,93.8,7,2,2021-12-01 09:06:09
1638349569271385000,93.4,1,93.4,2,93.8,7,2,2021-12-01 09:06:09
1638349569381770000,93.4,1,93.4,1,93.8,7,2,2021-12-01 09:06:09
1638349569803637000,93.5,1,93.1,2,93.6,10,1,2021-12-01 09:06:09
1638349569803637000,93.4,1,93.1,2,93.6,10,2,2021-12-01 09:06:09
1638349569803637000,93.3,3,93.1,2,93.6,10,2,2021-12-01 09:06:09
1638349569803637000,93.2,2,93.1,2,93.6,10,2,2021-12-01 09:06:09
1638349569803637000,93.1,3,93.1,2,93.6,10,2,2021-12-01 09:06:09
1638349569980118000,93.2,1,93.1,2,93.5,1,1,2021-12-01 09:06:09
1638349570339826000,93.5,1,93.4,1,93.6,17,1,2021-12-01 09:06:10
1638349570724785000,93.4,1,93.0,2,93.6,17,2,2021-12-01 09:06:10
1638349570724785000,93.2,2,93.0,2,93.6,17,2,2021-12-01 09:06:10
1638349570724785000,93.1,1,93.0,2,93.6,17,2,2021-12-01 09:06:10
1638349570724785000,93.0,36,93.0,2,93.6,17,2,2021-12-01 09:06:10
1638349570997738000,93.5,1,93.1,1,93.5,2,1,2021-12-01 09:06:10
1638349571071665000,93.5,1,93.1,1,93.5,1,1,2021-12-01 09:06:11
1638349571397457000,93.1,1,93.0,8,93.5,3,2,2021-12-01 09:06:11
1638349571433391000,93.5,1,93.0,8,93.5,2,1,2021-12-01 09:06:11
1638349571461429000,93.0,1,93.0,7,93.4,1,2,2021-12-01 09:06:11
1638349571867188000,93.1,1,92.9,4,93.4,3,1,2021-12-01 09:06:11
1638349571867188000,93.0,7,92.9,4,93.4,3,2,2021-12-01 09:06:11
1638349571984977000,93.4,1,92.9,4,93.4,2,1,2021-12-01 09:06:11
1638349572003440000,93.4,1,92.9,4,93.4,1,1,2021-12-01 09:06:12
1638349572075006000,93.0,1,93.0,1,93.4,1,2,2021-12-01 09:06:12
1638349572151281000,93.3,1,93.0,2,93.5,7,1,2021-12-01 09:06:12
1638349572151281000,93.4,1,93.0,2,93.5,7,1,2021-12-01 09:06:12
1638349572394690000,93.4,1,93.1,1,93.4,1,1,2021-12-01 09:06:12
1638349572416729000,93.4,1,93.1,1,93.5,6,1,2021-12-01 09:06:12
1638349572416729000,93.5,1,93.1,1,93.5,6,1,2021-12-01 09:06:12
1638349572570745000,93.5,2,93.1,3,93.5,4,1,2021-12-01 09:06:12
1638349572598615000,93.1,3,92.8,10,93.5,4,2,2021-12-01 09:06:12
1638349572598615000,93.0,1,92.8,10,93.5,4,2,2021-12-01 09:06:12
1638349572598615000,92.9,4,92.8,10,93.5,4,2,2021-12-01 09:06:12
1638349572598615000,92.8,7,92.8,10,93.5,4,2,2021-12-01 09:06:12
1638349573682065000,93.4,1,93.2,1,93.4,1,1,2021-12-01 09:06:13
1638349574199243000,93.2,1,93.0,1,93.4,1,2,2021-12-01 09:06:14
1638349574421975000,93.4,1,93.0,5,93.5,17,1,2021-12-01 09:06:14
1638349575025509000,93.1,1,93.0,5,93.4,1,2,2021-12-01 09:06:15
1638349575044935000,93.4,1,93.0,5,93.5,17,1,2021-12-01 09:06:15
1638349575088690000,93.5,1,93.1,2,93.5,16,1,2021-12-01 09:06:15
1638349575303048000,93.0,1,93.0,4,93.4,3,2,2021-12-01 09:06:15
1638349575650601000,93.4,1,93.0,4,93.4,2,1,2021-12-01 09:06:15
1638349576083416000,93.4,2,93.1,1,93.4,10,1,2021-12-01 09:06:16
1638349576136600000,93.4,1,93.1,1,93.4,9,1,2021-12-01 09:06:16
1638349576503215000,93.1,1,93.0,4,93.3,1,2,2021-12-01 09:06:16
1638349576603311000,93.3,1,93.3,2,93.4,14,1,2021-12-01 09:06:16
1638349576707725000,93.4,10,93.3,2,93.4,4,1,2021-12-01 09:06:16
1638349576869565000,93.4,1,93.3,2,93.4,3,1,2021-12-01 09:06:16
1638349577007552000,93.3,1,93.3,1,93.4,5,2,2021-12-01 09:06:17
1638349577438616000,93.4,1,93.3,1,93.4,14,1,2021-12-01 09:06:17
1638349577746318000,93.4,1,93.3,1,93.4,13,1,2021-12-01 09:06:17
1638349577837117000,93.4,1,93.3,1,93.4,12,1,2021-12-01 09:06:17
1638349578724945000,93.3,1,93.2,1,93.4,13,2,2021-12-01 09:06:18
1638349578790489000,93.4,1,93.2,1,93.4,12,1,2021-12-01 09:06:18
1638349578890516000,93.4,1,93.2,1,93.4,11,1,2021-12-01 09:06:18
1638349578971610000,93.2,1,93.0,2,93.4,11,2,2021-12-01 09:06:18
1638349578971610000,93.1,3,93.0,2,93.4,11,2,2021-12-01 09:06:18
1638349578971610000,93.0,6,93.0,2,93.4,11,2,2021-12-01 09:06:18
1638349579205495000,93.4,11,93.0,2,93.5,5,1,2021-12-01 09:06:19
1638349579205495000,93.5,12,93.0,2,93.5,5,1,2021-12-01 09:06:19
1638349579831987000,93.4,1,93.1,2,93.5,5,2,2021-12-01 09:06:19
1638349580156382000,93.1,1,93.1,1,93.5,5,2,2021-12-01 09:06:20
1638349580493359000,93.4,1,93.3,2,93.5,4,1,2021-12-01 09:06:20
1638349580493359000,93.5,1,93.3,2,93.5,4,1,2021-12-01 09:06:20
1638349580673820000,93.5,4,93.3,2,93.6,22,1,2021-12-01 09:06:20
1638349580673820000,93.6,1,93.3,2,93.6,22,1,2021-12-01 09:06:20
1638349580703612000,93.3,1,93.3,1,93.6,22,2,2021-12-01 09:06:20
1638349580735927000,93.3,1,93.3,1,93.6,22,2,2021-12-01 09:06:20
1638349581194372000,93.3,1,93.1,2,93.6,22,2,2021-12-01 09:06:21
1638349581238987000,93.5,1,93.2,1,93.6,22,1,2021-12-01 09:06:21
1638349581759911000,93.5,1,93.2,3,93.6,22,1,2021-12-01 09:06:21
1638349581903909000,93.2,2,93.2,1,93.4,1,2,2021-12-01 09:06:21
1638349581923508000,93.4,1,93.2,2,93.6,22,1,2021-12-01 09:06:21
1638349581995724000,93.3,1,93.2,2,93.5,10,2,2021-12-01 09:06:21
1638349582166348000,93.2,1,93.2,1,93.3,5,2,2021-12-01 09:06:22
1638349582255254000,93.3,2,93.2,1,93.3,3,1,2021-12-01 09:06:22
1638349582396102000,93.3,3,93.2,1,93.5,10,1,2021-12-01 09:06:22
1638349584082083000,93.4,2,93.2,7,93.5,7,1,2021-12-01 09:06:24
1638349584082083000,93.5,5,93.2,7,93.5,7,1,2021-12-01 09:06:24
1638349584529368000,93.3,10,93.2,7,93.5,7,2,2021-12-01 09:06:24
1638349585456458000,93.5,2,93.3,1,93.5,7,1,2021-12-01 09:06:25
1638349585865495000,93.3,1,93.2,7,93.5,7,2,2021-12-01 09:06:25
1638349586782914000,93.2,1,93.2,7,93.4,17,2,2021-12-01 09:06:26
1638349586843007000,93.4,1,93.2,7,93.4,16,1,2021-12-01 09:06:26
1638349587198314000,93.4,1,93.2,7,93.4,15,1,2021-12-01 09:06:27
1638349587616628000,93.3,7,93.3,3,93.4,16,2,2021-12-01 09:06:27
1638349587909128000,93.4,1,93.3,3,93.4,15,1,2021-12-01 09:06:27
1638349588065005000,93.4,1,93.3,3,93.4,14,1,2021-12-01 09:06:28
1638349588311548000,93.3,1,93.3,2,93.4,14,2,2021-12-01 09:06:28
1638349588548819000,93.4,14,93.3,14,93.5,9,1,2021-12-01 09:06:28
1638349588642891000,93.3,10,93.3,14,93.5,9,2,2021-12-01 09:06:28
1638349588816726000,93.5,5,93.3,15,93.5,5,1,2021-12-01 09:06:28
1638349589407706000,93.5,5,93.3,16,93.5,1,1,2021-12-01 09:06:29
1638349589651911000,93.3,1,93.3,16,93.5,1,2,2021-12-01 09:06:29
1638349589912261000,93.5,1,93.4,3,93.5,1,1,2021-12-01 09:06:29
1638349590014108000,93.5,1,93.5,9,93.6,20,1,2021-12-01 09:06:30
1638349590545441000,93.5,9,93.4,4,93.5,1,2,2021-12-01 09:06:30
1638349590765108000,93.4,3,93.4,1,93.5,1,2,2021-12-01 09:06:30
1638349590826912000,93.5,1,93.4,1,93.6,20,1,2021-12-01 09:06:30
1638349591047465000,93.6,2,93.5,1,93.6,18,1,2021-12-01 09:06:31
1638349591169208000,93.5,1,93.4,1,93.6,18,2,2021-12-01 09:06:31
1638349591443145000,93.5,2,93.4,1,93.5,9,1,2021-12-01 09:06:31
1638349591820845000,93.5,5,93.4,1,93.5,12,1,2021-12-01 09:06:31
1638349591896303000,93.4,1,93.3,22,93.5,12,2,2021-12-01 09:06:31
1638349592354585000,93.3,1,93.3,21,93.5,26,2,2021-12-01 09:06:32
1638349592397955000,93.5,1,93.3,21,93.5,25,1,2021-12-01 09:06:32
1638349592566107000,93.5,5,93.4,1,93.5,20,1,2021-12-01 09:06:32
1638349592660596000,93.5,1,93.4,1,93.5,19,1,2021-12-01 09:06:32
1638349592662606000,93.5,1,93.4,1,93.5,18,1,2021-12-01 09:06:32
1638349593205214000,93.5,10,93.4,1,93.5,14,1,2021-12-01 09:06:33
1638349593815396000,93.4,3,93.3,15,93.5,14,2,2021-12-01 09:06:33
1638349593815396000,93.3,7,93.3,15,93.5,14,2,2021-12-01 09:06:33
1638349594187619000,93.4,1,93.3,9,93.5,16,1,2021-12-01 09:06:34
1638349594187619000,93.3,8,93.3,9,93.5,16,2,2021-12-01 09:06:34
1638349594216188000,93.5,1,93.3,9,93.5,15,1,2021-12-01 09:06:34
1638349594552186000,93.4,1,93.4,1,93.5,15,2,2021-12-01 09:06:34
1638349594662397000,93.5,1,93.4,2,93.5,14,1,2021-12-01 09:06:34
