ts,close,volume,bid_price,bid_volume,ask_price,ask_volume,tick_type,datetime
1638349209620519000,9.46,311,9.45,2,9.46,85,0,2021-12-01 09:00:09
1638349209643513000,9.45,2,9.42,2,9.46,85,2,2021-12-01 09:00:09
1638349209740335000,9.46,1,9.42,2,9.46,84,1,2021-12-01 09:00:09
1638349210459005000,9.46,1,9.42,2,9.46,83,1,2021-12-01 09:00:10
1638349210838515000,9.42,2,9.41,1,9.46,83,2,2021-12-01 09:00:10
1638349210838515000,9.41,1,9.41,1,9.46,83,2,2021-12-01 09:00:10
1638349210868754000,9.41,1,9.4,3,9.46,83,2,2021-12-01 09:00:10
1638349217654329000,9.4,1,9.4,2,9.46,83,2,2021-12-01 09:00:17
1638349217697979000,9.4,2,9.39,1,9.46,83,2,2021-12-01 09:00:17
1638349217699891000,9.39,1,9.3,3,9.46,83,2,2021-12-01 09:00:17
1638349217699891000,9.38,1,9.3,3,9.46,83,2,2021-12-01 09:00:17
1638349217699891000,9.35,1,9.3,3,9.46,83,2,2021-12-01 09:00:17
1638349217699891000,9.33,2,9.3,3,9.46,83,2,2021-12-01 09:00:17
1638349217699891000,9.3,15,9.3,3,9.46,83,2,2021-12-01 09:00:17
1638349222073090000,9.3,1,9.3,2,9.39,10,2,2021-12-01 09:00:22
1638349225951812000,9.3,1,9.3,2,9.39,17,2,2021-12-01 09:00:25
1638349229886764000,9.3,2,9.28,2,9.3,1,2,2021-12-01 09:00:29
1638349230420196000,9.28,2,9.27,1,9.3,7,2,2021-12-01 09:00:30
1638349230665738000,9.27,1,9.25,1,9.3,7,2,2021-12-01 09:00:30
1638349232606345000,9.3,1,9.25,1,9.3,6,1,2021-12-01 09:00:32
1638349237881698000,9.28,1,9.27,2,9.3,16,2,2021-12-01 09:00:37
1638349240140036000,9.27,2,9.16,1,9.3,16,2,2021-12-01 09:00:40
1638349240140036000,9.25,1,9.16,1,9.3,16,2,2021-12-01 09:00:40
1638349240140036000,9.22,1,9.16,1,9.3,16,2,2021-12-01 09:00:40
1638349240140036000,9.21,1,9.16,1,9.3,16,2,2021-12-01 09:00:40
1638349240140036000,9.2,3,9.16,1,9.3,16,2,2021-12-01 09:00:40
1638349240140036000,9.18,1,9.16,1,9.3,16,2,2021-12-01 09:00:40
1638349240140036000,9.16,1,9.16,1,9.3,16,2,2021-12-01 09:00:40
1638349240389427000,9.3,1,9.16,1,9.3,15,1,2021-12-01 09:00:40
1638349243604918000,9.16,1,9.11,2,9.3,18,2,2021-12-01 09:00:43
1638349245351981000,9.3,1,9.11,2,9.3,17,1,2021-12-01 09:00:45
1638349247236204000,9.3,5,9.11,2,9.3,12,1,2021-12-01 09:00:47
1638349251551743000,9.28,1,9.11,2,9.3,12,2,2021-12-01 09:00:51
1638349255201051000,9.28,0,0.0,0,0.0,0,2,2021-12-01 09:00:55
1638349375629345000,9.1,90,9.1,87,9.15,5,2,2021-12-01 09:02:55
1638349377889327000,9.15,1,9.1,87,9.15,4,1,2021-12-01 09:02:57
1638349378833759000,9.1,1,9.1,86,9.15,4,2,2021-12-01 09:02:58
1638349388963918000,9.1,1,9.1,85,9.15,4,2,2021-12-01 09:03:08
1638349391962014000,9.11,5,9.1,87,9.15,4,1,2021-12-01 09:03:11
1638349395023037000,9.11,6,9.1,89,9.15,4,2,2021-12-01 09:03:15
1638349398990265000,9.15,4,9.15,1,9.23,1,1,2021-12-01 09:03:18
1638349404271510000,9.15,1,9.11,1,9.15,1,2,2021-12-01 09:03:24
1638349407666003000,9.15,1,9.15,1,9.23,1,1,2021-12-01 09:03:27
1638349418929221000,9.15,3,9.15,2,9.23,1,2,2021-12-01 09:03:38
1638349421364772000,9.15,1,9.15,1,9.23,1,2,2021-12-01 09:03:41
1638349425523252000,9.23,1,9.15,2,9.24,1,1,2021-12-01 09:03:45
1638349433202651000,9.15,1,9.15,2,9.24,1,2,2021-12-01 09:03:53
1638349447464609000,9.24,1,9.24,15,9.25,10,1,2021-12-01 09:04:07
1638349447503482000,9.25,10,9.24,15,9.28,3,1,2021-12-01 09:04:07
1638349455033684000,9.25,3,9.24,15,9.28,3,2,2021-12-01 09:04:15
1638349457124763000,9.28,2,9.24,15,9.28,1,1,2021-12-01 09:04:17
1638349459729678000,9.24,10,9.24,5,9.28,1,2,2021-12-01 09:04:19
1638349461522894000,9.24,1,9.24,4,9.28,1,2,2021-12-01 09:04:21
1638349461994832000,9.28,1,9.24,4,9.3,4,1,2021-12-01 09:04:21
1638349465671335000,9.28,1,9.25,4,9.3,4,2,2021-12-01 09:04:25
1638349465671335000,9.25,1,9.25,4,9.3,4,2,2021-12-01 09:04:25
1638349471236143000,9.25,6,9.23,5,9.3,4,2,2021-12-01 09:04:31
1638349471236143000,9.24,4,9.23,5,9.3,4,2,2021-12-01 09:04:31
1638349472151830000,9.23,1,9.23,4,9.3,4,2,2021-12-01 09:04:32
1638349480531956000,9.3,1,9.23,8,9.3,3,1,2021-12-01 09:04:40
1638349491310356000,9.23,2,9.23,5,9.3,3,2,2021-12-01 09:04:51
1638349493318376000,9.25,6,9.23,5,9.3,3,1,2021-12-01 09:04:53
1638349507193886000,9.23,4,9.23,6,9.3,3,2,2021-12-01 09:05:07
1638349510025358000,9.23,1,9.23,5,9.3,4,2,2021-12-01 09:05:10
1638349519906615000,9.23,1,9.23,6,9.3,4,2,2021-12-01 09:05:19
1638349539792840000,9.23,1,9.23,5,9.3,4,2,2021-12-01 09:05:39
1638349549064213000,9.24,1,9.24,5,9.3,4,1,2021-12-01 09:05:49
1638349556252720000,9.24,2,9.24,3,9.3,4,2,2021-12-01 09:05:56
1638349557888534000,9.24,1,9.24,2,9.3,4,2,2021-12-01 09:05:57
1638349565298382000,9.3,3,9.25,2,9.3,1,1,2021-12-01 09:06:05
1638349565325832000,9.3,1,9.25,2,9.35,1,1,2021-12-01 09:06:05
1638349571855782000,9.35,1,9.25,2,9.44,6,1,2021-12-01 09:06:11
1638349571855782000,9.38,1,9.25,2,9.44,6,1,2021-12-01 09:06:11
1638349576397789000,9.25,2,9.24,4,9.44,6,2,2021-12-01 09:06:16
1638349639956833000,9.39,1,9.26,17,9.39,1,1,2021-12-01 09:07:19
1638349640244648000,9.26,1,9.26,16,9.39,1,2,2021-12-01 09:07:20
1638349662256430000,9.39,1,9.27,4,9.4,2,1,2021-12-01 09:07:42
1638349679098820000,9.37,5,9.27,4,9.4,1,2,2021-12-01 09:07:59
1638349679098820000,9.38,1,9.27,4,9.4,1,1,2021-12-01 09:07:59
1638349679098820000,9.39,5,9.27,4,9.4,1,1,2021-12-01 09:07:59
1638349706575471000,9.36,1,9.36,1,9.39,7,2,2021-12-01 09:08:26
1638349706605303000,9.36,1,9.35,6,9.39,7,2,2021-12-01 09:08:26
1638349715114534000,9.36,4,9.35,5,9.39,7,2,2021-12-01 09:08:35
1638349715114534000,9.35,1,9.35,5,9.39,7,2,2021-12-01 09:08:35
1638349715407944000,9.35,1,9.35,4,9.39,7,2,2021-12-01 09:08:35
1638349720390839000,9.35,5,9.35,1,9.39,7,2,2021-12-01 09:08:40
1638349721497304000,9.35,1,9.28,5,9.35,5,2,2021-12-01 09:08:41
1638349748198326000,9.35,5,9.29,2,9.35,10,1,2021-12-01 09:09:08
1638349756562897000,9.35,5,9.29,2,9.35,5,1,2021-12-01 09:09:16
1638349766218517000,9.34,1,9.29,2,9.34,6,2,2021-12-01 09:09:26
1638349776485632000,9.34,3,9.29,2,9.34,3,1,2021-12-01 09:09:36
1638349776511083000,9.34,2,9.29,2,9.34,1,1,2021-12-01 09:09:36
1638349811956853000,9.34,1,9.3,7,9.34,1,1,2021-12-01 09:10:11
1638349870828716000,9.31,2,9.3,13,9.34,2,2,2021-12-01 09:11:10
1638349875941075000,9.3,10,9.3,3,9.34,2,2,2021-12-01 09:11:15
1638349892769471000,9.3,3,9.29,1,9.3,10,2,2021-12-01 09:11:32
1638349893328719000,9.3,2,9.29,1,9.3,8,1,2021-12-01 09:11:33
1638349900244982000,9.28,1,9.28,4,9.3,8,2,2021-12-01 09:11:40
1638349900274663000,9.28,4,9.27,2,9.3,8,2,2021-12-01 09:11:40
1638349908332438000,9.3,5,9.27,2,9.3,3,1,2021-12-01 09:11:48
1638349917835126000,9.3,2,9.27,2,9.3,1,1,2021-12-01 09:11:57
1638349917868079000,9.3,1,9.27,2,9.34,1,1,2021-12-01 09:11:57
1638349936031475000,9.3,1,9.3,36,9.34,1,2,2021-12-01 09:12:16
1638349937985790000,9.3,1,9.3,35,9.35,1,2,2021-12-01 09:12:17
1638349975499636000,9.31,1,9.31,2,9.35,1,1,2021-12-01 09:12:55
1638350024596815000,9.31,1,9.31,36,9.39,3,2,2021-12-01 09:13:44
1638350056372384000,9.31,1,9.31,37,9.35,1,2,2021-12-01 09:14:16
1638350078456710000,9.35,1,9.35,1,9.39,3,1,2021-12-01 09:14:38
1638350097374631000,9.37,1,9.37,33,9.39,3,1,2021-12-01 09:14:57
1638350113302791000,9.39,2,9.37,33,9.39,1,1,2021-12-01 09:15:13
1638350113331603000,9.39,1,9.37,33,9.41,1,1,2021-12-01 09:15:13
1638350149629365000,9.39,1,9.39,1,9.41,1,2,2021-12-01 09:15:49
1638350161771822000,9.4,1,9.4,3,9.41,1,1,2021-12-01 09:16:01
1638350169491956000,9.4,3,9.39,1,9.41,1,2,2021-12-01 09:16:09
1638350179080780000,9.41,1,9.39,2,9.43,1,1,2021-12-01 09:16:19
1638350208995294000,9.43,1,9.41,2,9.46,17,1,2021-12-01 09:16:48
1638350208995294000,9.45,8,9.41,2,9.46,17,1,2021-12-01 09:16:48
1638350208995294000,9.46,1,9.41,2,9.46,17,1,2021-12-01 09:16:48
1638350225427820000,9.45,1,9.41,3,9.45,4,2,2021-12-01 09:17:05
1638350230236804000,9.45,1,9.41,2,9.45,3,1,2021-12-01 09:17:10
1638350235958433000,9.45,3,9.46,13,9.47,25,1,2021-12-01 09:17:15
1638350235958433000,9.46,17,9.46,13,9.47,25,1,2021-12-01 09:17:15
1638350253220570000,9.47,10,9.46,15,9.47,15,1,2021-12-01 09:17:33
1638350253246180000,9.47,15,9.46,15,9.5,22,1,2021-12-01 09:17:33
1638350272193376000,9.5,2,9.47,2,9.51,11,1,2021-12-01 09:17:52
1638350272237624000,9.51,7,9.47,2,9.51,4,1,2021-12-01 09:17:52
1638350272901329000,9.5,1,9.47,2,9.5,1,2,2021-12-01 09:17:52
1638350283261325000,9.5,1,9.5,1,9.51,4,1,2021-12-01 09:18:03
1638350288649202000,9.51,4,9.5,3,9.58,3,1,2021-12-01 09:18:08
1638350288649202000,9.55,1,9.5,3,9.58,3,1,2021-12-01 09:18:08
1638350296364965000,9.6,2,9.5,5,9.6,11,1,2021-12-01 09:18:16
1638350299684325000,9.6,11,9.6,2,9.7,2,1,2021-12-01 09:18:19
1638350315750944000,9.61,1,9.61,5,9.7,2,1,2021-12-01 09:18:35
1638350321896466000,9.7,10,9.62,2,9.7,5,1,2021-12-01 09:18:41
1638350322359656000,9.7,1,9.62,2,9.7,4,1,2021-12-01 09:18:42
1638350327244871000,9.7,1,9.63,5,9.7,3,1,2021-12-01 09:18:47
1638350327273899000,9.7,1,9.63,5,9.7,2,1,2021-12-01 09:18:47
1638350328215886000,9.7,1,9.64,1,9.7,1,1,2021-12-01 09:18:48
1638350328842916000,9.7,1,9.7,1,9.73,5,1,2021-12-01 09:18:48
1638350332999760000,9.7,1,9.7,4,9.73,5,2,2021-12-01 09:18:52
1638350333025166000,9.7,4,9.64,1,9.73,5,2,2021-12-01 09:18:53
1638350333283539000,9.64,1,9.63,2,9.7,10,2,2021-12-01 09:18:53
1638350338726500000,9.7,4,9.65,2,9.7,10,1,2021-12-01 09:18:58
1638350341594630000,9.7,10,9.65,2,9.73,5,1,2021-12-01 09:19:01
1638350341971086000,9.73,2,9.65,2,9.73,3,1,2021-12-01 09:19:01
1638350347755278000,9.73,1,9.7,1,9.73,3,1,2021-12-01 09:19:07
1638350349457870000,9.7,1,9.65,6,9.73,5,2,2021-12-01 09:19:09
1638350351322787000,9.72,1,9.7,1,9.72,1,1,2021-12-01 09:19:11
1638350352065529000,9.7,3,9.65,4,9.72,1,2,2021-12-01 09:19:12
1638350352065529000,9.69,2,9.65,4,9.72,1,2,2021-12-01 09:19:12
1638350352843760000,9.72,1,9.65,9,9.73,3,1,2021-12-01 09:19:12
1638350352843760000,9.73,2,9.65,9,9.73,3,1,2021-12-01 09:19:12
1638350356821165000,9.69,1,9.65,9,9.69,1,2,2021-12-01 09:19:16
1638350357627148000,9.69,1,9.65,9,9.7,6,1,2021-12-01 09:19:17
1638350357627148000,9.7,4,9.65,9,9.7,6,1,2021-12-01 09:19:17
1638350363072192000,9.7,5,9.65,9,9.7,1,1,2021-12-01 09:19:23
1638350363358532000,9.7,1,9.65,9,9.73,2,1,2021-12-01 09:19:23
1638350365784667000,9.65,10,9.64,7,9.7,1,2,2021-12-01 09:19:25
1638350375252186000,9.7,2,9.65,8,9.73,3,1,2021-12-01 09:19:35
1638350386560123000,9.66,5,9.66,2,9.7,12,2,2021-12-01 09:19:46
1638350392132327000,9.69,1,9.66,2,9.7,12,1,2021-12-01 09:19:52
1638350394905103000,9.66,1,9.66,3,9.7,12,2,2021-12-01 09:19:54
1638350395110142000,9.66,3,9.65,8,9.7,12,2,2021-12-01 09:19:55
1638350405575342000,9.65,3,9.65,4,9.68,1,2,2021-12-01 09:20:05
1638350410950265000,9.66,1,9.65,4,9.7,10,1,2021-12-01 09:20:10
1638350410950265000,9.68,1,9.65,4,9.7,10,1,2021-12-01 09:20:10
1638350410950265000,9.69,1,9.65,4,9.7,10,1,2021-12-01 09:20:10
1638350410950265000,9.7,2,9.65,4,9.7,10,1,2021-12-01 09:20:10
1638350411247888000,9.65,4,9.61,1,9.7,10,2,2021-12-01 09:20:11
1638350411247888000,9.64,6,9.61,1,9.7,10,2,2021-12-01 09:20:11
1638350430701361000,9.61,1,9.61,1,9.64,2,2,2021-12-01 09:20:30
1638350430735176000,9.61,1,9.6,10,9.64,2,2,2021-12-01 09:20:30
1638350431651823000,9.6,10,9.5,4,9.64,2,2,2021-12-01 09:20:31
1638350431651823000,9.55,2,9.5,4,9.64,2,2,2021-12-01 09:20:31
1638350431651823000,9.52,2,9.5,4,9.64,2,2,2021-12-01 09:20:31
1638350432353792000,9.64,2,9.5,4,9.65,11,1,2021-12-01 09:20:32
1638350439096015000,9.5,4,9.47,1,9.65,11,2,2021-12-01 09:20:39
1638350439096015000,9.47,1,9.47,1,9.65,11,2,2021-12-01 09:20:39
1638350458259127000,9.47,1,9.41,3,9.65,11,2,2021-12-01 09:20:58
1638350458259127000,9.46,1,9.41,3,9.65,11,2,2021-12-01 09:20:58
1638350515263568000,9.59,1,9.46,5,9.6,1,1,2021-12-01 09:21:55
1638350515263568000,9.6,1,9.46,5,9.6,1,1,2021-12-01 09:21:55
1638350541135094000,9.6,4,9.41,3,9.6,1,1,2021-12-01 09:22:21
1638350551668082000,9.6,1,9.46,1,9.6,1,1,2021-12-01 09:22:31
1638350570753921000,9.6,1,9.51,1,9.6,6,1,2021-12-01 09:22:50
1638350572282556000,9.51,1,9.5,8,9.6,6,2,2021-12-01 09:22:52
1638350572282556000,9.5,2,9.5,8,9.6,6,2,2021-12-01 09:22:52
1638350577876058000,9.6,1,9.51,1,9.6,5,1,2021-12-01 09:22:57
1638350586459405000,9.6,1,9.51,1,9.6,4,1,2021-12-01 09:23:06
1638350613158830000,9.53,2,9.5,7,9.6,10,2,2021-12-01 09:23:33
1638350613158830000,9.51,1,9.5,7,9.6,10,2,2021-12-01 09:23:33
1638350613158830000,9.5,2,9.5,7,9.6,10,2,2021-12-01 09:23:33
1638350631722949000,9.5,17,9.48,2,9.55,1,2,2021-12-01 09:23:51
1638350642099397000,9.48,2,9.46,4,9.48,8,2,2021-12-01 09:24:02
1638350652141433000,9.46,3,9.46,1,9.48,8,2,2021-12-01 09:24:12
1638350656136926000,9.46,1,9.45,1,9.48,8,2,2021-12-01 09:24:16
1638350672804440000,9.47,1,9.45,2,9.48,8,1,2021-12-01 09:24:32
1638350756970684000,9.48,3,9.47,2,9.48,6,1,2021-12-01 09:25:56
1638350773958844000,9.48,2,9.47,2,9.48,4,1,2021-12-01 09:26:13
1638350785238492000,9.48,4,9.48,1,9.49,1,1,2021-12-01 09:26:25
1638350800366957000,9.49,1,9.48,1,9.52,1,1,2021-12-01 09:26:40
1638350806917298000,9.48,1,9.47,2,9.52,1,2,2021-12-01 09:26:46
1638350829030537000,9.49,2,9.49,2,9.51,2,1,2021-12-01 09:27:09
1638350855840649000,9.5,2,9.49,7,9.5,9,1,2021-12-01 09:27:35
1638350860141075000,9.5,3,9.49,4,9.5,6,1,2021-12-01 09:27:40
1638350874025082000,9.5,1,9.49,3,9.5,5,1,2021-12-01 09:27:54
1638350902785734000,9.5,5,9.49,3,9.52,4,1,2021-12-01 09:28:22
1638350903220215000,9.49,2,9.49,1,9.52,4,2,2021-12-01 09:28:23
1638350951876493000,9.5,1,9.5,1,9.52,8,1,2021-12-01 09:29:11
1638350954580952000,9.5,1,9.49,5,9.52,8,2,2021-12-01 09:29:14
1638350954580952000,9.49,2,9.49,5,9.52,8,2,2021-12-01 09:29:14
1638350969345486000,9.49,4,9.49,1,9.5,2,2,2021-12-01 09:29:29
1638350969380258000,9.49,1,9.47,1,9.5,2,2,2021-12-01 09:29:29
1638351080834742000,9.49,15,9.47,1,9.49,6,1,2021-12-01 09:31:20
1638351083096217000,9.47,1,9.4,2,9.49,6,2,2021-12-01 09:31:23
1638351083096217000,9.46,2,9.4,2,9.49,6,2,2021-12-01 09:31:23
1638351083096217000,9.45,2,9.4,2,9.49,6,2,2021-12-01 09:31:23
1638351083096217000,9.43,5,9.4,2,9.49,6,2,2021-12-01 09:31:23
1638351083096217000,9.41,3,9.4,2,9.49,6,2,2021-12-01 09:31:23
1638351162172479000,9.41,4,9.39,5,9.47,5,2,2021-12-01 09:32:42
1638351162172479000,9.4,2,9.39,5,9.47,5,2,2021-12-01 09:32:42
1638351162172479000,9.39,1,9.39,5,9.47,5,2,2021-12-01 09:32:42
1638351196323259000,9.39,1,9.39,5,9.46,5,2,2021-12-01 09:33:16
1638351196572338000,9.39,1,9.39,4,9.46,5,2,2021-12-01 09:33:16
1638351204074551000,9.39,1,9.39,4,9.46,5,2,2021-12-01 09:33:24
1638351220417944000,9.39,2,9.39,2,9.46,5,2,2021-12-01 09:33:40
1638351220456343000,9.39,2,9.38,5,9.46,5,2,2021-12-01 09:33:40
1638351300626897000,9.39,1,9.38,6,9.39,3,2,2021-12-01 09:35:00
1638351315385983000,9.38,6,9.37,2,9.39,3,2,2021-12-01 09:35:15
1638351316472526000,9.39,1,9.37,2,9.39,2,1,2021-12-01 09:35:16
1638351331131469000,9.38,1,9.37,2,9.38,4,2,2021-12-01 09:35:31
1638351339128259000,9.38,2,9.37,2,9.38,2,1,2021-12-01 09:35:39
1638351379343119000,9.38,2,9.37,2,9.38,10,1,2021-12-01 09:36:19
1638351388061347000,9.38,1,9.37,2,9.38,9,1,2021-12-01 09:36:28
1638351402959705000,9.37,2,9.35,1,9.37,2,2,2021-12-01 09:36:42
1638351431512308000,9.37,1,9.35,1,9.37,3,1,2021-12-01 09:37:11
1638351450261375000,9.37,3,9.35,1,9.38,13,1,2021-12-01 09:37:30
1638351486272634000,9.37,1,9.37,1,9.38,13,2,2021-12-01 09:38:06
1638351496246650000,9.37,1,9.35,1,9.37,9,2,2021-12-01 09:38:16
1638351555422902000,9.35,1,9.32,1,9.35,8,2,2021-12-01 09:39:15
1638351580425188000,9.32,1,9.31,30,9.32,7,2,2021-12-01 09:39:40
1638351595227721000,9.31,7,9.31,23,9.32,1,2,2021-12-01 09:39:55
1638351620854856000,9.31,5,9.31,18,9.37,1,2,2021-12-01 09:40:20
1638351625828348000,9.31,1,9.31,17,9.37,1,2,2021-12-01 09:40:25
1638351646018682000,9.31,17,9.3,20,9.37,1,2,2021-12-01 09:40:46
1638351646018682000,9.3,3,9.3,20,9.37,1,2,2021-12-01 09:40:46
1638351714352915000,9.31,2,9.31,3,9.35,1,1,2021-12-01 09:41:54
1638351792538615000,9.35,1,9.31,3,9.37,1,1,2021-12-01 09:43:12
1638351877853368000,9.35,1,9.32,2,9.35,4,1,2021-12-01 09:44:37
1638351894911995000,9.35,1,9.32,3,9.35,3,1,2021-12-01 09:44:54
1638351944526404000,9.35,13,9.35,7,9.38,13,1,2021-12-01 09:45:44
1638352043085533000,9.35,2,9.35,6,9.38,13,2,2021-12-01 09:47:23
1638352062536605000,9.35,5,9.35,1,9.38,13,2,2021-12-01 09:47:42
1638352126800851000,9.36,1,9.36,1,9.38,13,1,2021-12-01 09:48:46
1638352149671445000,9.37,1,9.36,1,9.38,13,1,2021-12-01 09:49:09
1638352200974693000,9.37,3,9.37,3,9.38,13,2,2021-12-01 09:50:00
1638352203128796000,9.38,1,9.37,3,9.38,12,1,2021-12-01 09:50:03
1638352263696606000,9.38,5,9.37,3,9.38,7,1,2021-12-01 09:51:03
1638352269180623000,9.38,5,9.37,3,9.38,2,1,2021-12-01 09:51:09
1638352282904943000,9.38,1,9.37,3,9.38,1,1,2021-12-01 09:51:22
1638352305318075000,9.38,1,9.37,3,9.39,2,1,2021-12-01 09:51:45
1638352405786557000,9.39,1,9.38,10,9.39,1,1,2021-12-01 09:53:25
1638352418909201000,9.39,1,9.38,10,9.46,1,1,2021-12-01 09:53:38
1638352452152245000,9.46,1,9.39,1,9.47,7,1,2021-12-01 09:54:12
1638352499098900000,9.41,2,9.39,1,9.47,1,2,2021-12-01 09:54:59
1638352499098900000,9.39,1,9.39,1,9.47,1,2,2021-12-01 09:54:59
1638352499907115000,9.47,1,9.39,1,9.48,6,1,2021-12-01 09:54:59
1638352499907115000,9.48,4,9.39,1,9.48,6,1,2021-12-01 09:54:59
1638352527185164000,9.48,6,9.39,1,9.49,10,1,2021-12-01 09:55:27
1638352566486101000,9.49,5,9.48,13,9.49,5,1,2021-12-01 09:56:06
1638352568273470000,9.49,1,9.48,13,9.49,4,1,2021-12-01 09:56:08
1638352590058866000,9.49,4,9.49,6,9.5,18,1,2021-12-01 09:56:30
1638352602503051000,9.5,5,9.49,8,9.5,13,1,2021-12-01 09:56:42
1638352605901947000,9.49,5,9.49,3,9.5,13,2,2021-12-01 09:56:45
1638352619577307000,9.5,1,9.49,14,9.5,12,1,2021-12-01 09:56:59
1638352623309125000,9.5,2,9.49,14,9.5,10,1,2021-12-01 09:57:03
1638352629710826000,9.5,10,9.49,14,9.51,10,1,2021-12-01 09:57:09
1638352678098808000,9.5,1,9.49,12,9.51,10,1,2021-12-01 09:57:58
1638352761681818000,9.51,2,9.5,3,9.51,8,1,2021-12-01 09:59:21
1638352777287535000,9.5,4,9.49,2,9.5,1,2,2021-12-01 09:59:37
1638352785712291000,9.5,1,9.49,2,9.51,8,1,2021-12-01 09:59:45
1638352800270049000,9.49,2,9.48,3,9.51,8,2,2021-12-01 10:00:00
1638352800270049000,9.48,10,9.48,3,9.51,8,2,2021-12-01 10:00:00
1638352888403070000,9.49,10,9.48,5,9.51,9,1,2021-12-01 10:01:28
1638352899437469000,9.48,5,9.45,13,9.49,10,2,2021-12-01 10:01:39
1638352958107280000,9.45,1,9.45,12,9.48,6,2,2021-12-01 10:02:38
1638352971201242000,9.45,1,9.45,11,9.48,6,2,2021-12-01 10:02:51
1638352978055873000,9.45,10,9.45,1,9.48,6,2,2021-12-01 10:02:58
1638352978085877000,9.45,1,9.39,1,9.48,6,2,2021-12-01 10:02:58
1638352993582521000,9.46,1,9.39,1,9.48,5,1,2021-12-01 10:03:13
1638353039288533000,9.39,1,9.38,8,9.48,5,2,2021-12-01 10:03:59
1638353317250315000,9.39,3,9.38,10,9.39,2,1,2021-12-01 10:08:37
1638353340109075000,9.39,2,9.38,10,9.45,1,1,2021-12-01 10:09:00
1638353373329950000,9.45,1,9.39,1,9.47,2,1,2021-12-01 10:09:33
1638353547361969000,9.47,2,9.45,5,9.47,1,1,2021-12-01 10:12:27
1638353645538258000,9.47,1,9.47,1,9.48,7,1,2021-12-01 10:14:05
1638353664907439000,9.48,5,9.47,1,9.48,2,1,2021-12-01 10:14:24
1638353678171016000,9.48,1,9.47,1,9.48,1,1,2021-12-01 10:14:38
1638353703671957000,9.48,1,9.41,1,9.5,23,1,2021-12-01 10:15:03
1638353721762913000,9.5,3,9.48,1,9.5,20,1,2021-12-01 10:15:21
1638353749338623000,9.5,1,9.41,5,9.5,19,1,2021-12-01 10:15:49
1638353771753843000,9.5,1,9.41,5,9.5,17,1,2021-12-01 10:16:11
1638353993262473000,9.5,5,9.41,7,9.5,16,1,2021-12-01 10:19:53
1638354002546405000,9.5,5,9.41,7,9.5,11,1,2021-12-01 10:20:02
1638354047451425000,9.5,2,9.41,5,9.5,14,1,2021-12-01 10:20:47
1638354112109542000,9.5,3,9.45,1,9.5,16,1,2021-12-01 10:21:52
1638354117449518000,9.5,2,9.45,1,9.5,14,1,2021-12-01 10:21:57
1638354176456537000,9.5,5,9.45,1,9.5,9,1,2021-12-01 10:22:56
1638354188104459000,9.5,7,9.49,2,9.5,2,1,2021-12-01 10:23:08
1638354239411451000,9.5,1,9.49,2,9.5,1,1,2021-12-01 10:23:59
1638354270861282000,9.5,1,9.49,2,9.51,9,1,2021-12-01 10:24:30
1638354335969815000,9.49,2,9.45,3,9.5,1,2,2021-12-01 10:25:35
1638354414515434000,9.48,1,9.46,3,9.49,1,2,2021-12-01 10:26:54
1638354460512796000,9.48,1,9.48,1,9.49,3,1,2021-12-01 10:27:40
1638354484200468000,9.49,1,9.48,1,9.5,13,1,2021-12-01 10:28:04
1638354484200468000,9.5,9,9.48,1,9.5,13,1,2021-12-01 10:28:04
1638354521408076000,9.5,1,9.48,1,9.5,12,1,2021-12-01 10:28:41
1638354690089768000,9.5,5,9.49,11,9.5,24,1,2021-12-01 10:31:30
1638354695580086000,9.5,5,9.49,11,9.5,19,1,2021-12-01 10:31:35
1638354759401430000,9.49,2,9.49,14,9.5,17,2,2021-12-01 10:32:39
1638354776206666000,9.5,3,9.49,14,9.5,16,1,2021-12-01 10:32:56
1638354795763014000,9.5,4,9.49,14,9.5,12,1,2021-12-01 10:33:15
1638354799833180000,9.5,5,9.49,14,9.5,7,1,2021-12-01 10:33:19
1638354861940720000,9.49,2,9.49,15,9.5,7,2,2021-12-01 10:34:21
1638354925467822000,9.5,7,9.5,3,9.51,8,1,2021-12-01 10:35:25
1638354952837444000,9.5,1,9.5,2,9.51,8,2,2021-12-01 10:35:52
1638354960802507000,9.5,1,9.5,3,9.51,8,2,2021-12-01 10:36:00
1638355013056569000,9.5,3,9.49,15,9.51,8,2,2021-12-01 10:36:53
1638355081795413000,9.49,5,9.49,2,9.5,2,2,2021-12-01 10:38:01
1638355112241068000,9.49,2,9.48,2,9.5,2,2,2021-12-01 10:38:32
1638355116839359000,9.5,2,9.48,2,9.52,4,1,2021-12-01 10:38:36
1638355116839359000,9.51,8,9.48,2,9.52,4,1,2021-12-01 10:38:36
1638355162974622000,9.48,2,9.46,2,9.52,4,2,2021-12-01 10:39:22
1638355384418773000,9.47,6,9.46,1,9.5,9,2,2021-12-01 10:43:04
1638355384418773000,9.46,2,9.46,1,9.5,9,2,2021-12-01 10:43:04
1638355504246080000,9.46,2,9.46,5,9.5,9,2,2021-12-01 10:45:04
1638355748630975000,9.46,1,9.46,7,9.5,10,2,2021-12-01 10:49:08
1638355833640574000,9.46,7,9.45,5,9.46,8,2,2021-12-01 10:50:33
1638355877484365000,9.45,6,9.39,4,9.46,9,2,2021-12-01 10:51:17
1638355877484365000,9.41,15,9.39,4,9.46,9,2,2021-12-01 10:51:17
1638355877484365000,9.4,19,9.39,4,9.46,9,2,2021-12-01 10:51:17
1638355877484365000,9.39,8,9.39,4,9.46,9,2,2021-12-01 10:51:17
1638355901323323000,9.39,4,9.38,28,9.39,11,2,2021-12-01 10:51:41
1638355920429512000,9.38,6,9.38,12,9.39,11,2,2021-12-01 10:52:00
1638355922432717000,9.39,5,9.38,12,9.39,6,1,2021-12-01 10:52:02
1638355932874492000,9.38,12,9.37,4,9.39,6,2,2021-12-01 10:52:12
1638356044675699000,9.39,5,9.37,2,9.39,1,1,2021-12-01 10:54:04
1638356079807072000,9.39,1,9.37,2,9.46,7,1,2021-12-01 10:54:39
1638356079807072000,9.46,1,9.37,2,9.46,7,1,2021-12-01 10:54:39
1638356085042836000,9.37,2,9.36,2,9.37,13,2,2021-12-01 10:54:45
1638356134273109000,9.37,2,9.36,2,9.37,11,1,2021-12-01 10:55:34
1638356141906626000,9.37,10,9.36,1,9.37,1,1,2021-12-01 10:55:41
1638356149047167000,9.37,1,9.36,1,9.46,12,1,2021-12-01 10:55:49
1638356153667862000,9.36,1,9.35,8,9.46,12,2,2021-12-01 10:55:53
1638356196205602000,9.45,1,9.35,8,9.45,3,1,2021-12-01 10:56:36
1638356395780248000,9.43,1,9.35,8,9.43,14,2,2021-12-01 10:59:55
1638356402047983000,9.43,2,9.35,8,9.43,12,1,2021-12-01 11:00:02
1638356743422806000,9.43,1,9.4,10,9.43,11,1,2021-12-01 11:05:43
1638356843489197000,9.43,11,9.43,1,9.45,3,1,2021-12-01 11:07:23
1638356880070082000,9.43,1,9.41,2,9.43,14,2,2021-12-01 11:08:00
1638357556199622000,9.42,5,9.41,2,9.42,10,2,2021-12-01 11:19:16
1638357563735949000,9.42,2,9.41,2,9.42,8,1,2021-12-01 11:19:23
1638357586060553000,9.42,5,9.41,2,9.42,4,1,2021-12-01 11:19:46
1638357660684972000,9.42,19,9.41,2,9.45,3,1,2021-12-01 11:21:00
1638357660752995000,9.41,1,9.41,1,9.45,3,2,2021-12-01 11:21:00
1638357719735685000,9.42,1,9.41,1,9.45,3,1,2021-12-01 11:21:59
1638357785794583000,9.42,1,9.41,1,9.45,3,1,2021-12-01 11:23:05
1638357893714185000,9.41,1,9.4,13,9.41,5,2,2021-12-01 11:24:53
1638357899615270000,9.41,2,9.4,13,9.41,3,1,2021-12-01 11:24:59
1638357948645792000,9.4,10,9.4,3,9.41,8,2,2021-12-01 11:25:48
1638357948676867000,9.4,3,9.35,19,9.41,8,2,2021-12-01 11:25:48
1638358281752584000,9.35,2,9.35,17,9.4,1,2,2021-12-01 11:31:21
1638358482236368000,9.36,1,9.35,3,9.4,7,1,2021-12-01 11:34:42
1638358482236368000,9.35,9,9.35,3,9.4,7,2,2021-12-01 11:34:42
1638358492598002000,9.35,3,9.34,28,9.35,4,2,2021-12-01 11:34:52
1638358564284572000,9.34,4,9.34,14,9.4,7,2,2021-12-01 11:36:04
1638358652333273000,9.34,5,9.34,9,9.39,10,2,2021-12-01 11:37:32
1638358684078625000,9.34,9,9.33,5,9.34,1,2,2021-12-01 11:38:04
1638358910957718000,9.32,2,9.31,9,9.32,3,2,2021-12-01 11:41:50
1638358920457743000,9.31,1,9.31,8,9.32,3,2,2021-12-01 11:42:00
1638358992904158000,9.31,5,9.31,3,9.32,3,2,2021-12-01 11:43:12
1638359015405110000,9.32,1,9.31,3,9.32,2,1,2021-12-01 11:43:35
1638359071920919000,9.31,2,9.31,1,9.32,3,2,2021-12-01 11:44:31
1638359103705497000,9.31,1,9.26,10,9.32,3,2,2021-12-01 11:45:03
1638359103705497000,9.3,42,9.26,10,9.32,3,2,2021-12-01 11:45:03
1638359123227162000,9.27,1,9.26,10,9.32,3,2,2021-12-01 11:45:23
1638359152583592000,9.26,8,9.26,3,9.27,1,2,2021-12-01 11:45:52
1638359160975459000,9.26,3,9.25,18,9.27,1,2,2021-12-01 11:46:00
1638359160975459000,9.25,6,9.25,18,9.27,1,2,2021-12-01 11:46:00
1638359180544346000,9.25,18,9.24,10,9.27,1,2,2021-12-01 11:46:20
1638359308022186000,9.25,1,9.24,10,9.25,9,2,2021-12-01 11:48:28
1638359319240987000,9.24,4,9.24,6,9.25,9,2,2021-12-01 11:48:39
1638359326952438000,9.25,1,9.24,6,9.25,8,1,2021-12-01 11:48:46
1638359336514671000,9.25,3,9.24,6,9.25,5,1,2021-12-01 11:48:56
1638359369847038000,9.25,5,9.24,6,9.27,1,1,2021-12-01 11:49:29
1638359563587270000,9.25,1,9.24,7,9.26,5,2,2021-12-01 11:52:43
1638359603153898000,9.26,1,9.25,4,9.26,4,1,2021-12-01 11:53:23
1638359615717677000,9.26,4,9.25,4,9.27,1,1,2021-12-01 11:53:35
1638359634928634000,9.27,1,9.25,4,9.28,2,1,2021-12-01 11:53:54
1638359646887133000,9.28,1,9.25,4,9.28,1,1,2021-12-01 11:54:06
1638359676718298000,9.28,1,9.25,4,9.32,2,1,2021-12-01 11:54:36
1638359685583885000,9.26,1,9.25,4,9.32,2,2,2021-12-01 11:54:45
1638359826251490000,9.27,2,9.27,6,9.31,1,1,2021-12-01 11:57:06
1638359914770033000,9.27,3,9.26,3,9.31,1,2,2021-12-01 11:58:34
1638360007459250000,9.31,1,9.27,10,9.36,4,1,2021-12-01 12:00:07
1638360007459250000,9.32,2,9.27,10,9.36,4,1,2021-12-01 12:00:07
1638360007459250000,9.34,2,9.27,10,9.36,4,1,2021-12-01 12:00:07
1638360072363550000,9.36,4,9.34,3,9.37,4,1,2021-12-01 12:01:12
1638360099216543000,9.34,2,9.34,1,9.37,4,2,2021-12-01 12:01:39
1638360099244344000,9.34,1,9.3,3,9.37,4,2,2021-12-01 12:01:39
1638360158011807000,9.35,1,9.32,2,9.37,4,1,2021-12-01 12:02:38
1638360203216084000,9.4,1,9.34,3,9.4,1,1,2021-12-01 12:03:23
1638360242707541000,9.38,2,9.33,2,9.38,2,2,2021-12-01 12:04:02
1638360259607100000,9.38,1,9.33,2,9.38,1,1,2021-12-01 12:04:19
1638360387725093000,9.38,1,9.33,2,9.4,1,1,2021-12-01 12:06:27
1638360600494661000,9.4,1,9.34,5,9.41,11,1,2021-12-01 12:10:00
1638360612408915000,9.41,5,9.34,5,9.41,6,1,2021-12-01 12:10:12
1638360720366308000,9.41,6,9.34,5,9.45,13,1,2021-12-01 12:12:00
1638360776049853000,9.45,1,9.4,1,9.45,12,1,2021-12-01 12:12:56
1638360871917306000,9.45,12,9.4,1,9.48,2,1,2021-12-01 12:14:31
1638360893407325000,9.48,1,9.4,1,9.48,1,1,2021-12-01 12:14:53
1638360921571969000,9.48,1,9.4,1,9.5,37,1,2021-12-01 12:15:21
1638360961187019000,9.48,1,9.4,1,9.5,37,2,2021-12-01 12:16:01
1638360977606826000,9.4,1,9.34,5,9.5,37,2,2021-12-01 12:16:17
1638361088632652000,9.49,1,9.35,2,9.49,1,1,2021-12-01 12:18:08
1638361100393951000,9.48,3,9.35,2,9.48,2,2,2021-12-01 12:18:20
1638361101150758000,9.48,1,9.35,2,9.48,1,1,2021-12-01 12:18:21
1638361254049542000,9.48,1,9.4,1,9.48,1,1,2021-12-01 12:20:54
1638361308967959000,9.45,5,9.4,3,9.46,5,2,2021-12-01 12:21:48
1638361512338494000,9.45,1,9.4,1,9.46,5,1,2021-12-01 12:25:12
1638361764308319000,9.45,3,9.4,1,9.45,2,1,2021-12-01 12:29:24
1638361771654680000,9.45,1,9.4,1,9.45,1,1,2021-12-01 12:29:31
1638362014458907000,9.45,1,9.4,1,9.46,5,1,2021-12-01 12:33:34
1638362056960010000,9.45,1,9.4,1,9.46,5,1,2021-12-01 12:34:16
1638362206950774000,9.45,2,9.4,1,9.45,2,1,2021-12-01 12:36:46
1638362217936692000,9.45,2,9.4,1,9.46,5,1,2021-12-01 12:36:57
1638362471606743000,9.45,2,9.4,2,9.45,3,2,2021-12-01 12:41:11
1638362482243988000,9.4,1,9.4,1,9.44,1,2,2021-12-01 12:41:22
1638362507869995000,9.44,1,9.4,1,9.45,3,1,2021-12-01 12:41:47
1638362657408064000,9.41,1,9.4,1,9.44,1,2,2021-12-01 12:44:17
1638362801816424000,9.41,2,9.37,1,9.44,1,2,2021-12-01 12:46:41
1638362801816424000,9.4,4,9.37,1,9.44,1,2,2021-12-01 12:46:41
1638362806119063000,9.44,1,9.44,1,9.45,3,1,2021-12-01 12:46:46
1638362886272533000,9.45,8,9.44,7,9.46,5,1,2021-12-01 12:48:06
1638362909498040000,9.46,2,9.45,5,9.46,3,1,2021-12-01 12:48:29
1638362913028259000,9.46,2,9.45,5,9.46,1,1,2021-12-01 12:48:33
1638362916499693000,9.46,1,9.46,4,9.47,5,1,2021-12-01 12:48:36
1638362956801781000,9.44,2,9.37,1,9.41,1,2,2021-12-01 12:49:16
1638362956801781000,9.41,2,9.37,1,9.41,1,2,2021-12-01 12:49:16
1638362962273480000,9.41,1,9.41,3,9.46,2,1,2021-12-01 12:49:22
1638363259493061000,9.46,3,9.41,8,9.47,5,1,2021-12-01 12:54:19
1638363367692173000,9.45,1,9.41,6,9.47,5,2,2021-12-01 12:56:07
1638363481986156000,9.46,1,9.41,6,9.48,11,1,2021-12-01 12:58:01
1638363481986156000,9.47,5,9.41,6,9.48,11,1,2021-12-01 12:58:01
1638363582092102000,9.46,1,9.41,6,9.46,7,2,2021-12-01 12:59:42
1638363674590781000,9.45,1,9.41,3,9.45,5,2,2021-12-01 13:01:14
1638363721306197000,9.45,1,9.41,3,9.45,4,1,2021-12-01 13:02:01
1638363730478915000,9.45,4,9.45,1,9.46,7,1,2021-12-01 13:02:10
1638363843470071000,9.45,5,9.45,1,9.46,7,2,2021-12-01 13:04:03
1638363904989265000,9.45,1,9.41,3,9.46,7,2,2021-12-01 13:05:04
1638364061667592000,9.42,1,9.41,2,9.46,7,2,2021-12-01 13:07:41
1638364061667592000,9.41,4,9.41,2,9.46,7,2,2021-12-01 13:07:41
1638364156476943000,9.41,2,9.38,2,9.46,7,2,2021-12-01 13:09:16
1638364156476943000,9.4,3,9.38,2,9.46,7,2,2021-12-01 13:09:16
1638364156476943000,9.38,5,9.38,2,9.46,7,2,2021-12-01 13:09:16
1638364164839021000,9.38,1,9.38,1,9.46,7,2,2021-12-01 13:09:24
1638364179034061000,9.46,1,9.39,1,9.46,6,1,2021-12-01 13:09:39
1638364383584774000,9.45,1,9.4,2,9.46,15,2,2021-12-01 13:13:03
1638364610574914000,9.4,1,9.4,2,9.45,7,2,2021-12-01 13:16:50
1638364613712311000,9.4,2,9.39,1,9.45,7,2,2021-12-01 13:16:53
1638364636797858000,9.4,1,9.39,1,9.45,6,2,2021-12-01 13:17:16
1638364788384846000,9.41,2,9.4,12,9.44,2,1,2021-12-01 13:19:48
1638364788384846000,9.4,1,9.4,12,9.44,2,2,2021-12-01 13:19:48
1638364813455692000,9.4,12,9.39,1,9.44,2,2,2021-12-01 13:20:13
1638364817035561000,9.44,1,9.39,1,9.44,1,1,2021-12-01 13:20:17
1638364895842486000,9.39,2,9.37,3,9.44,3,2,2021-12-01 13:21:35
1638364895842486000,9.38,3,9.37,3,9.44,3,2,2021-12-01 13:21:35
1638364900224783000,9.44,1,9.37,3,9.44,2,1,2021-12-01 13:21:40
1638364939280463000,9.37,5,9.36,9,9.44,2,2,2021-12-01 13:22:19
1638364944871213000,9.36,9,9.35,18,9.44,2,2,2021-12-01 13:22:24
1638364951985985000,9.35,18,9.34,2,9.44,2,2,2021-12-01 13:22:31
1638364989467099000,9.35,1,9.36,2,9.44,2,1,2021-12-01 13:23:09
1638364992578277000,9.44,1,9.36,2,9.44,1,1,2021-12-01 13:23:12
1638365009023237000,9.44,1,9.36,2,9.45,5,1,2021-12-01 13:23:29
1638365012955475000,9.36,2,9.35,1,9.36,4,2,2021-12-01 13:23:32
1638365016663177000,9.36,3,9.35,1,9.36,1,1,2021-12-01 13:23:36
1638365016684728000,9.36,1,9.35,1,9.45,5,1,2021-12-01 13:23:36
1638365044835356000,9.36,2,9.35,2,9.45,5,1,2021-12-01 13:24:04
1638365064747457000,9.36,1,9.36,1,9.45,5,2,2021-12-01 13:24:24
1638365064883414000,9.36,1,9.35,1,9.45,5,2,2021-12-01 13:24:24
1638365067159923000,9.35,1,9.34,2,9.45,5,2,2021-12-01 13:24:27
1638365086748432000,9.34,1,9.34,1,9.45,5,2,2021-12-01 13:24:46
1638365086871571000,9.34,1,9.33,2,9.45,5,2,2021-12-01 13:24:46
1638365088344689000,9.35,1,9.35,1,9.45,5,1,2021-12-01 13:24:48
1638365088511808000,9.35,1,9.33,2,9.45,5,2,2021-12-01 13:24:48
1638365400000000000,9.33,65,9.33,2,9.44,3,2,2021-12-01 13:30:00
