ts,close,volume,bid_price,bid_volume,ask_price,ask_volume,tick_type,datetime
1638867618339402000,36.5,904,36.45,2,36.5,255,1,2021-12-07 09:00:18
1638867618374497000,36.45,2,36.2,2,36.5,255,2,2021-12-07 09:00:18
1638867618376358000,36.2,1,36.2,1,36.5,255,2,2021-12-07 09:00:18
1638867618431622000,36.2,1,36.15,3,36.45,10,2,2021-12-07 09:00:18
1638867618853419000,36.15,1,36.15,2,36.45,12,2,2021-12-07 09:00:18
1638867618865277000,36.45,3,36.15,2,36.45,9,1,2021-12-07 09:00:18
1638867619159079000,36.2,1,36.2,2,36.45,9,2,2021-12-07 09:00:19
1638867619343209000,36.2,1,36.2,1,36.45,9,2,2021-12-07 09:00:19
1638867619654677000,36.45,1,36.2,1,36.45,8,1,2021-12-07 09:00:19
1638867620297551000,36.45,2,36.2,2,36.45,6,1,2021-12-07 09:00:20
1638867621337429000,36.45,2,36.3,2,36.5,250,1,2021-12-07 09:00:21
1638867621337429000,36.5,8,36.3,2,36.5,250,1,2021-12-07 09:00:21
1638867621680381000,36.4,4,36.3,2,36.5,250,2,2021-12-07 09:00:21
1638867621742874000,36.5,1,36.3,2,36.5,249,1,2021-12-07 09:00:21
1638867622512486000,36.5,1,36.3,2,36.5,248,1,2021-12-07 09:00:22
1638867622568699000,36.5,2,36.3,2,36.5,246,1,2021-12-07 09:00:22
1638867622964888000,36.45,1,36.45,8,36.5,246,2,2021-12-07 09:00:22
1638867622998472000,36.45,8,36.3,2,36.5,246,2,2021-12-07 09:00:22
1638867623149332000,36.3,2,36.2,6,36.5,246,2,2021-12-07 09:00:23
1638867623149332000,36.25,3,36.2,6,36.5,246,2,2021-12-07 09:00:23
1638867625864410000,36.45,1,36.3,3,36.45,30,1,2021-12-07 09:00:25
1638867626181734000,36.3,1,36.3,2,36.45,30,2,2021-12-07 09:00:26
1638867626496863000,36.45,10,36.3,3,36.45,20,1,2021-12-07 09:00:26
1638867626537938000,36.45,1,36.3,3,36.45,20,1,2021-12-07 09:00:26
1638867626798665000,36.3,1,36.3,2,36.45,20,2,2021-12-07 09:00:26
1638867627325345000,36.3,1,36.2,1,36.45,21,2,2021-12-07 09:00:27
1638867627325345000,36.25,3,36.2,1,36.45,21,2,2021-12-07 09:00:27
1638867627325345000,36.2,1,36.2,1,36.45,21,2,2021-12-07 09:00:27
1638867627614702000,36.2,1,36.15,2,36.4,11,2,2021-12-07 09:00:27
1638867628540497000,36.15,2,36.1,2,36.3,1,2,2021-12-07 09:00:28
1638867629209634000,36.25,1,36.1,2,36.3,3,1,2021-12-07 09:00:29
1638867629369215000,36.1,2,36.0,21,36.3,3,2,2021-12-07 09:00:29
1638867629369215000,36.05,10,36.0,21,36.3,3,2,2021-12-07 09:00:29
1638867629369215000,36.0,3,36.0,21,36.3,3,2,2021-12-07 09:00:29
1638867629686091000,36.0,1,36.0,20,36.25,1,2,2021-12-07 09:00:29
1638867630110333000,36.25,1,36.25,2,36.3,3,1,2021-12-07 09:00:30
1638867630133652000,36.25,2,36.0,20,36.3,3,2,2021-12-07 09:00:30
1638867630845643000,36.05,1,36.0,20,36.2,2,2,2021-12-07 09:00:30
1638867631106933000,36.0,1,36.0,19,36.2,2,2,2021-12-07 09:00:31
1638867631305160000,36.15,1,36.0,19,36.2,2,1,2021-12-07 09:00:31
1638867631350036000,36.2,1,36.0,19,36.2,1,1,2021-12-07 09:00:31
1638867631727784000,36.0,2,36.0,17,36.2,1,2,2021-12-07 09:00:31
1638867632312455000,36.0,1,36.0,16,36.2,1,2,2021-12-07 09:00:32
1638867632605641000,36.2,1,36.0,16,36.25,11,1,2021-12-07 09:00:32
1638867633033216000,36.25,1,36.0,16,36.25,10,1,2021-12-07 09:00:33
1638867633212069000,36.05,1,36.0,14,36.25,10,2,2021-12-07 09:00:33
1638867633212069000,36.0,2,36.0,14,36.25,10,2,2021-12-07 09:00:33
1638867633816454000,36.2,1,36.0,14,36.2,3,1,2021-12-07 09:00:33
1638867633963168000,36.0,1,36.0,13,36.2,3,2,2021-12-07 09:00:33
1638867634308795000,36.2,1,36.0,13,36.2,2,1,2021-12-07 09:00:34
1638867634331228000,36.2,2,36.0,13,36.25,10,1,2021-12-07 09:00:34
1638867635431046000,36.2,1,36.05,3,36.25,4,2,2021-12-07 09:00:35
1638867635676600000,36.05,3,36.0,11,36.25,14,2,2021-12-07 09:00:35
1638867635676600000,36.0,5,36.0,11,36.25,14,2,2021-12-07 09:00:35
1638867635703012000,36.0,1,36.0,10,36.25,14,2,2021-12-07 09:00:35
1638867635880749000,36.2,1,36.0,10,36.2,2,1,2021-12-07 09:00:35
1638867635941609000,36.0,3,36.0,7,36.2,2,2,2021-12-07 09:00:35
1638867636197423000,36.0,2,36.0,5,36.2,2,2,2021-12-07 09:00:36
1638867636544359000,36.15,1,36.15,2,36.2,2,1,2021-12-07 09:00:36
1638867636777071000,36.2,1,36.15,2,36.25,4,1,2021-12-07 09:00:36
1638867637188814000,36.15,2,36.0,1,36.25,4,2,2021-12-07 09:00:37
1638867637188814000,36.05,3,36.0,1,36.25,4,2,2021-12-07 09:00:37
1638867637188814000,36.0,5,36.0,1,36.25,4,2,2021-12-07 09:00:37
1638867637323871000,36.0,1,35.95,3,36.0,1,2,2021-12-07 09:00:37
1638867637347964000,36.0,1,35.95,3,36.2,2,1,2021-12-07 09:00:37
1638867637347964000,36.15,1,35.95,3,36.2,2,1,2021-12-07 09:00:37
1638867637888427000,36.0,1,35.95,3,36.2,3,2,2021-12-07 09:00:37
1638867638058366000,36.0,1,35.95,3,36.2,3,2,2021-12-07 09:00:38
1638867638114953000,36.2,3,35.95,3,36.25,14,1,2021-12-07 09:00:38
1638867638689160000,36.1,1,36.1,1,36.15,1,2,2021-12-07 09:00:38
1638867639024685000,36.15,1,36.1,1,36.2,4,1,2021-12-07 09:00:39
1638867639232552000,36.1,1,36.05,11,36.2,7,2,2021-12-07 09:00:39
1638867639495563000,36.2,1,36.05,11,36.2,9,1,2021-12-07 09:00:39
1638867639625323000,36.05,1,36.05,10,36.1,5,2,2021-12-07 09:00:39
1638867639759789000,36.05,1,36.05,9,36.1,6,2,2021-12-07 09:00:39
1638867640439173000,36.05,7,36.05,2,36.1,6,2,2021-12-07 09:00:40
1638867640458069000,36.05,2,36.0,3,36.1,6,2,2021-12-07 09:00:40
1638867640548567000,36.1,3,36.0,3,36.1,3,1,2021-12-07 09:00:40
1638867641076017000,36.0,1,36.0,2,36.1,3,2,2021-12-07 09:00:41
1638867641348178000,36.1,1,36.0,2,36.1,7,1,2021-12-07 09:00:41
1638867641736916000,36.0,1,36.0,2,36.1,7,2,2021-12-07 09:00:41
1638867641819209000,36.0,1,36.0,1,36.1,7,2,2021-12-07 09:00:41
1638867641977847000,36.0,1,35.95,3,36.1,7,2,2021-12-07 09:00:41
1638867642321198000,36.1,1,35.95,3,36.1,6,1,2021-12-07 09:00:42
1638867642714974000,36.1,2,36.05,1,36.1,4,1,2021-12-07 09:00:42
1638867643349332000,36.1,1,36.05,1,36.1,3,1,2021-12-07 09:00:43
1638867643470638000,36.05,1,35.85,5,35.95,5,2,2021-12-07 09:00:43
1638867643470638000,35.95,3,35.85,5,35.95,5,2,2021-12-07 09:00:43
1638867643572032000,35.85,3,35.85,2,35.95,5,2,2021-12-07 09:00:43
1638867643643729000,35.85,2,35.8,3,35.95,5,2,2021-12-07 09:00:43
1638867643643729000,35.8,3,35.8,3,35.95,5,2,2021-12-07 09:00:43
1638867644443538000,35.95,4,35.8,3,35.95,1,1,2021-12-07 09:00:44
1638867644557545000,35.95,1,35.8,3,36.05,9,1,2021-12-07 09:00:44
1638867644557545000,36.05,1,35.8,3,36.05,9,1,2021-12-07 09:00:44
1638867644722530000,36.0,1,35.85,4,36.05,1,2,2021-12-07 09:00:44
1638867645167762000,36.0,1,35.85,4,36.05,1,1,2021-12-07 09:00:45
1638867645545723000,36.0,2,35.7,1,36.05,1,2,2021-12-07 09:00:45
1638867645545723000,35.85,4,35.7,1,36.05,1,2,2021-12-07 09:00:45
1638867645545723000,35.8,3,35.7,1,36.05,1,2,2021-12-07 09:00:45
1638867645545723000,35.75,10,35.7,1,36.05,1,2,2021-12-07 09:00:45
1638867645545723000,35.7,1,35.7,1,36.05,1,2,2021-12-07 09:00:45
1638867645862941000,35.7,1,35.6,18,36.0,5,2,2021-12-07 09:00:45
1638867646201082000,36.0,5,35.6,16,36.1,27,1,2021-12-07 09:00:46
1638867646201082000,36.05,11,35.6,16,36.1,27,1,2021-12-07 09:00:46
1638867646201082000,36.1,9,35.6,16,36.1,27,1,2021-12-07 09:00:46
1638867646461819000,36.1,1,35.65,10,36.1,26,1,2021-12-07 09:00:46
1638867646507720000,35.65,1,35.65,9,35.95,1,2,2021-12-07 09:00:46
1638867646542866000,35.95,1,35.65,9,36.1,28,1,2021-12-07 09:00:46
1638867646618418000,36.1,1,35.65,9,36.1,25,1,2021-12-07 09:00:46
1638867647970120000,36.05,3,35.65,9,36.05,57,2,2021-12-07 09:00:47
1638867648678427000,36.0,1,36.0,9,36.05,64,2,2021-12-07 09:00:48
1638867648704994000,36.0,9,35.65,9,36.05,64,2,2021-12-07 09:00:48
1638867649615110000,35.65,1,35.65,8,35.75,1,2,2021-12-07 09:00:49
1638867649651875000,35.65,1,35.65,7,35.75,1,2,2021-12-07 09:00:49
1638867650122555000,35.65,7,35.6,8,35.75,1,2,2021-12-07 09:00:50
1638867650122555000,35.6,8,35.6,8,35.75,1,2,2021-12-07 09:00:50
1638867651333280000,35.7,1,35.6,8,35.75,1,1,2021-12-07 09:00:51
1638867651872833000,35.75,1,35.65,1,35.95,11,1,2021-12-07 09:00:51
1638867652940660000,35.65,1,35.65,6,35.95,11,2,2021-12-07 09:00:52
1638867653803806000,35.95,5,35.75,1,35.95,11,1,2021-12-07 09:00:53
1638867653856228000,35.8,2,35.8,2,35.95,11,2,2021-12-07 09:00:53
1638867654399338000,35.95,2,35.8,2,35.95,9,1,2021-12-07 09:00:54
1638867654499254000,35.8,1,35.8,3,35.95,9,2,2021-12-07 09:00:54
1638867655358433000,35.8,3,35.65,1,35.9,1,2,2021-12-07 09:00:55
1638867655358433000,35.75,1,35.65,1,35.9,1,2,2021-12-07 09:00:55
1638867655358433000,35.7,1,35.65,1,35.9,1,2,2021-12-07 09:00:55
1638867655358433000,35.65,5,35.65,1,35.9,1,2,2021-12-07 09:00:55
1638867656923579000,35.9,1,35.8,1,35.95,24,1,2021-12-07 09:00:56
1638867656923579000,35.95,1,35.8,1,35.95,24,1,2021-12-07 09:00:56
1638867656989335000,35.8,1,35.7,1,35.95,24,2,2021-12-07 09:00:56
1638867657101164000,35.7,1,35.6,7,35.9,10,2,2021-12-07 09:00:57
1638867657101164000,35.65,2,35.6,7,35.9,10,2,2021-12-07 09:00:57
1638867657101164000,35.6,2,35.6,7,35.9,10,2,2021-12-07 09:00:57
1638867657107398000,35.9,10,35.6,7,35.95,24,1,2021-12-07 09:00:57
1638867657135578000,35.6,5,35.6,2,35.85,1,2,2021-12-07 09:00:57
1638867659177131000,35.8,1,35.65,10,35.9,3,1,2021-12-07 09:00:59
1638867659177131000,35.85,1,35.65,10,35.9,3,1,2021-12-07 09:00:59
1638867659177131000,35.9,2,35.65,10,35.9,3,1,2021-12-07 09:00:59
1638867659467032000,35.9,1,35.8,10,35.9,3,1,2021-12-07 09:00:59
1638867659589732000,35.8,1,35.8,9,35.9,3,2,2021-12-07 09:00:59
1638867659990545000,35.8,5,35.8,4,35.9,3,2,2021-12-07 09:00:59
1638867660371945000,35.8,1,35.8,6,35.9,3,2,2021-12-07 09:01:00
1638867660647900000,35.8,1,35.8,5,35.9,3,2,2021-12-07 09:01:00
1638867660726094000,35.8,1,35.8,4,35.9,3,2,2021-12-07 09:01:00
1638867660767497000,35.8,4,35.7,11,35.75,4,2,2021-12-07 09:01:00
1638867660767497000,35.75,1,35.7,11,35.75,4,2,2021-12-07 09:01:00
1638867661151034000,35.75,1,35.7,11,35.75,3,1,2021-12-07 09:01:01
1638867661233172000,35.75,2,35.7,11,35.75,1,1,2021-12-07 09:01:01
1638867661266705000,35.75,1,35.7,11,35.8,2,1,2021-12-07 09:01:01
1638867662596053000,35.75,1,35.7,5,35.8,3,2,2021-12-07 09:01:02
1638867662744592000,35.7,3,35.7,2,35.8,3,2,2021-12-07 09:01:02
1638867662854563000,35.7,2,35.65,6,35.8,3,2,2021-12-07 09:01:02
1638867662854563000,35.65,3,35.65,6,35.8,3,2,2021-12-07 09:01:02
1638867663123483000,35.8,1,35.65,7,35.8,7,1,2021-12-07 09:01:03
1638867663647060000,35.8,1,35.65,7,35.8,6,1,2021-12-07 09:01:03
1638867664106567000,35.75,3,35.65,7,35.8,6,2,2021-12-07 09:01:04
1638867664322063000,35.65,1,35.65,6,35.8,6,2,2021-12-07 09:01:04
1638867665485159000,35.7,2,35.65,5,35.8,7,1,2021-12-07 09:01:05
1638867665485159000,35.75,2,35.65,5,35.8,7,1,2021-12-07 09:01:05
1638867665485159000,35.8,1,35.65,5,35.8,7,1,2021-12-07 09:01:05
1638867666421441000,35.65,1,35.65,5,35.75,60,2,2021-12-07 09:01:06
1638867666905822000,35.75,2,35.65,5,35.75,58,1,2021-12-07 09:01:06
1638867666931681000,35.75,2,35.65,5,35.75,56,1,2021-12-07 09:01:06
1638867667074246000,35.75,1,35.65,5,35.75,55,1,2021-12-07 09:01:07
1638867667550258000,35.7,1,35.65,5,35.7,2,2,2021-12-07 09:01:07
1638867667640310000,35.65,5,35.6,4,35.7,2,2,2021-12-07 09:01:07
1638867667656690000,35.7,2,35.6,4,35.75,52,1,2021-12-07 09:01:07
1638867667656690000,35.75,3,35.6,4,35.75,52,1,2021-12-07 09:01:07
1638867667788876000,35.6,1,35.6,3,35.75,52,2,2021-12-07 09:01:07
1638867668048300000,35.75,1,35.6,3,35.75,51,1,2021-12-07 09:01:08
1638867668119648000,35.6,3,35.5,17,35.75,51,2,2021-12-07 09:01:08
1638867668119648000,35.55,2,35.5,17,35.75,51,2,2021-12-07 09:01:08
1638867668256312000,35.6,1,35.6,9,35.7,1,1,2021-12-07 09:01:08
1638867668584288000,35.7,1,35.6,10,35.75,51,1,2021-12-07 09:01:08
1638867668780711000,35.65,1,35.6,10,35.65,1,2,2021-12-07 09:01:08
1638867669170172000,35.65,1,35.7,1,35.75,51,1,2021-12-07 09:01:09
1638867669170172000,35.7,1,35.7,1,35.75,51,1,2021-12-07 09:01:09
1638867669205963000,35.7,1,35.6,10,35.75,51,2,2021-12-07 09:01:09
1638867670377290000,35.75,1,35.65,1,35.75,50,1,2021-12-07 09:01:10
1638867670556106000,35.75,1,35.65,1,35.75,49,1,2021-12-07 09:01:10
1638867670698510000,35.75,10,35.65,1,35.75,39,1,2021-12-07 09:01:10
1638867670860264000,35.75,2,35.65,2,35.75,37,1,2021-12-07 09:01:10
1638867671390953000,35.65,4,35.6,8,35.7,2,2,2021-12-07 09:01:11
1638867671390953000,35.6,2,35.6,8,35.7,2,2,2021-12-07 09:01:11
1638867671598372000,35.6,1,35.6,7,35.7,2,2,2021-12-07 09:01:11
1638867671898665000,35.6,8,35.35,14,35.65,1,2,2021-12-07 09:01:11
1638867671898665000,35.5,17,35.35,14,35.65,1,2,2021-12-07 09:01:11
1638867671898665000,35.45,4,35.35,14,35.65,1,2,2021-12-07 09:01:11
1638867671898665000,35.4,8,35.35,14,35.65,1,2,2021-12-07 09:01:11
1638867671898665000,35.35,3,35.35,14,35.65,1,2,2021-12-07 09:01:11
1638867672897867000,35.6,1,35.6,9,35.65,2,1,2021-12-07 09:01:12
1638867672941847000,35.65,1,35.6,9,35.65,1,1,2021-12-07 09:01:12
1638867673221732000,35.65,1,35.65,2,35.7,2,1,2021-12-07 09:01:13
1638867673666885000,35.7,1,35.65,2,35.7,1,1,2021-12-07 09:01:13
1638867673894908000,35.65,2,35.6,9,35.65,1,2,2021-12-07 09:01:13
1638867674134627000,35.65,1,35.6,9,35.7,1,1,2021-12-07 09:01:14
1638867675293974000,35.7,1,35.65,1,35.7,3,1,2021-12-07 09:01:15
1638867675322124000,35.65,1,35.6,10,35.7,3,2,2021-12-07 09:01:15
1638867675697582000,35.6,1,35.6,9,35.7,4,2,2021-12-07 09:01:15
1638867676016302000,35.6,1,35.6,8,35.7,4,2,2021-12-07 09:01:16
1638867676581620000,35.6,1,35.6,9,35.65,1,2,2021-12-07 09:01:16
1638867676636979000,35.6,1,35.6,8,35.65,1,2,2021-12-07 09:01:16
1638867676969373000,35.6,2,35.6,6,35.65,2,2,2021-12-07 09:01:16
1638867678829372000,35.6,2,35.6,6,35.65,2,2,2021-12-07 09:01:18
1638867680086646000,35.6,4,35.6,8,35.65,60,2,2021-12-07 09:01:20
1638867680977411000,35.65,2,35.6,8,35.65,58,1,2021-12-07 09:01:20
1638867681690579000,35.65,2,35.6,10,35.65,56,1,2021-12-07 09:01:21
1638867681998011000,35.6,2,35.6,8,35.65,59,2,2021-12-07 09:01:21
1638867682241211000,35.6,8,35.25,2,35.65,59,2,2021-12-07 09:01:22
1638867682241211000,35.55,2,35.25,2,35.65,59,2,2021-12-07 09:01:22
1638867682241211000,35.5,4,35.25,2,35.65,59,2,2021-12-07 09:01:22
1638867682241211000,35.45,6,35.25,2,35.65,59,2,2021-12-07 09:01:22
1638867682241211000,35.4,7,35.25,2,35.65,59,2,2021-12-07 09:01:22
1638867682241211000,35.35,15,35.25,2,35.65,59,2,2021-12-07 09:01:22
1638867682241211000,35.3,8,35.25,2,35.65,59,2,2021-12-07 09:01:22
1638867682318847000,35.6,1,35.25,1,35.6,12,1,2021-12-07 09:01:22
1638867682816700000,35.6,2,35.4,2,35.6,13,1,2021-12-07 09:01:22
1638867683001273000,35.55,1,35.4,2,35.6,13,2,2021-12-07 09:01:23
1638867683673654000,35.4,1,35.4,1,35.55,3,2,2021-12-07 09:01:23
1638867683709857000,35.4,1,35.3,1,35.55,3,2,2021-12-07 09:01:23
1638867683726505000,35.55,3,35.3,1,35.6,33,1,2021-12-07 09:01:23
1638867683781133000,35.55,1,35.3,1,35.55,9,1,2021-12-07 09:01:23
1638867683937109000,35.55,1,35.35,1,35.55,8,1,2021-12-07 09:01:23
1638867683990681000,35.55,1,35.35,2,35.55,7,1,2021-12-07 09:01:23
1638867684122229000,35.35,1,35.35,2,35.55,10,2,2021-12-07 09:01:24
1638867684315264000,35.5,1,35.35,2,35.55,10,1,2021-12-07 09:01:24
1638867684945410000,35.55,5,35.35,2,35.55,5,1,2021-12-07 09:01:24
1638867685391495000,35.35,1,35.35,6,35.5,3,2,2021-12-07 09:01:25
1638867685799915000,35.5,2,35.4,1,35.5,1,1,2021-12-07 09:01:25
1638867686166350000,35.45,1,35.35,6,35.5,1,2,2021-12-07 09:01:26
1638867686680336000,35.5,1,35.5,4,35.55,4,1,2021-12-07 09:01:26
1638867686680352000,35.5,1,35.5,4,35.55,4,1,2021-12-07 09:01:26
1638867686833899000,35.5,3,35.5,1,35.55,4,1,2021-12-07 09:01:26
1638867686856580000,35.55,1,35.25,1,35.55,3,1,2021-12-07 09:01:26
1638867687167351000,35.55,2,35.2,9,35.55,1,1,2021-12-07 09:01:27
1638867688577412000,35.4,1,35.4,1,35.55,1,2,2021-12-07 09:01:28
1638867688621604000,35.55,1,35.4,1,35.6,49,1,2021-12-07 09:01:28
1638867688621604000,35.6,1,35.4,1,35.6,49,1,2021-12-07 09:01:28
1638867690426986000,35.45,2,35.45,1,35.5,4,2,2021-12-07 09:01:30
1638867690451044000,35.45,1,35.4,1,35.5,4,2,2021-12-07 09:01:30
1638867691522501000,35.4,1,35.2,11,35.5,4,2,2021-12-07 09:01:31
1638867691522501000,35.3,1,35.2,11,35.5,4,2,2021-12-07 09:01:31
1638867691522501000,35.25,6,35.2,11,35.5,4,2,2021-12-07 09:01:31
1638867692521204000,35.3,1,35.3,2,35.45,1,1,2021-12-07 09:01:32
1638867693003179000,35.4,1,35.3,2,35.4,1,1,2021-12-07 09:01:33
1638867693126815000,35.3,1,35.3,1,35.35,1,2,2021-12-07 09:01:33
1638867694166283000,35.3,1,35.2,8,35.35,1,2,2021-12-07 09:01:34
1638867694166283000,35.25,1,35.2,8,35.35,1,2,2021-12-07 09:01:34
1638867694742419000,35.25,2,35.2,9,35.35,1,2,2021-12-07 09:01:34
1638867695353489000,35.35,1,35.4,6,35.45,4,1,2021-12-07 09:01:35
1638867695353489000,35.4,3,35.4,6,35.45,4,1,2021-12-07 09:01:35
1638867695504664000,35.4,2,35.4,4,35.45,4,2,2021-12-07 09:01:35
1638867695542278000,35.4,1,35.4,3,35.45,4,2,2021-12-07 09:01:35
1638867695563472000,35.4,1,35.4,2,35.45,4,2,2021-12-07 09:01:35
1638867695599531000,35.4,2,35.2,9,35.45,4,2,2021-12-07 09:01:35
1638867696007808000,35.45,3,35.2,9,35.45,3,1,2021-12-07 09:01:36
1638867696325987000,35.45,1,35.2,9,35.45,2,1,2021-12-07 09:01:36
1638867696759849000,35.25,1,35.25,2,35.45,2,2,2021-12-07 09:01:36
1638867697128058000,35.25,1,35.25,1,35.3,1,2,2021-12-07 09:01:37
1638867697195635000,35.3,1,35.25,1,35.45,12,1,2021-12-07 09:01:37
1638867698692189000,35.25,1,35.2,9,35.3,1,2,2021-12-07 09:01:38
1638867698868874000,35.3,1,35.2,10,35.45,6,1,2021-12-07 09:01:38
1638867698868874000,35.4,3,35.2,10,35.45,6,1,2021-12-07 09:01:38
1638867698868874000,35.45,6,35.2,10,35.45,6,1,2021-12-07 09:01:38
1638867699006747000,35.45,1,35.25,5,35.45,5,1,2021-12-07 09:01:39
1638867699625062000,35.5,1,35.3,4,35.5,9,1,2021-12-07 09:01:39
1638867701260891000,35.4,1,35.4,4,35.45,5,2,2021-12-07 09:01:41
1638867701291586000,35.45,3,35.35,3,35.45,1,1,2021-12-07 09:01:41
1638867701291638000,35.45,1,35.35,3,35.45,1,1,2021-12-07 09:01:41
1638867702245236000,35.45,1,35.45,3,35.5,9,1,2021-12-07 09:01:42
1638867702558428000,35.5,1,35.45,3,35.5,8,1,2021-12-07 09:01:42
1638867703104974000,35.45,3,35.4,2,35.5,8,2,2021-12-07 09:01:43
1638867703779560000,35.45,1,35.4,2,35.5,4,1,2021-12-07 09:01:43
1638867703779560000,35.5,4,35.4,2,35.5,4,1,2021-12-07 09:01:43
1638867705188222000,35.45,2,35.4,2,35.5,5,2,2021-12-07 09:01:45
1638867705603917000,35.5,1,35.4,2,35.5,4,1,2021-12-07 09:01:45
1638867705660740000,35.4,1,35.4,2,35.5,4,2,2021-12-07 09:01:45
1638867707440247000,35.4,5,35.35,4,35.45,1,2,2021-12-07 09:01:47
1638867707440247000,35.35,1,35.35,4,35.45,1,2,2021-12-07 09:01:47
1638867707573408000,35.45,3,35.35,4,35.5,7,1,2021-12-07 09:01:47
1638867707936446000,35.5,2,35.4,1,35.5,5,1,2021-12-07 09:01:47
1638867708795771000,35.4,2,35.35,4,35.4,3,2,2021-12-07 09:01:48
1638867708858790000,35.4,1,35.35,4,35.4,2,1,2021-12-07 09:01:48
1638867709002754000,35.4,2,35.35,5,35.5,6,1,2021-12-07 09:01:49
1638867709009368000,35.35,5,35.3,8,35.5,6,2,2021-12-07 09:01:49
1638867709009368000,35.3,1,35.3,8,35.5,6,2,2021-12-07 09:01:49
1638867709236888000,35.5,1,35.3,8,35.5,15,1,2021-12-07 09:01:49
1638867709458398000,35.5,2,35.3,8,35.5,13,1,2021-12-07 09:01:49
1638867709692811000,35.5,1,35.3,12,35.5,12,1,2021-12-07 09:01:49
1638867709961384000,35.5,1,35.45,11,35.5,1,1,2021-12-07 09:01:49
1638867710348770000,35.5,2,35.45,11,35.55,26,1,2021-12-07 09:01:50
1638867711577100000,35.55,1,35.45,11,35.55,25,1,2021-12-07 09:01:51
1638867711788183000,35.55,25,35.5,10,35.6,56,1,2021-12-07 09:01:51
1638867711838352000,35.55,1,35.5,10,35.6,56,1,2021-12-07 09:01:51
1638867711860926000,35.5,1,35.5,9,35.6,56,2,2021-12-07 09:01:51
1638867712046855000,35.5,2,35.5,7,35.6,61,2,2021-12-07 09:01:52
1638867712477198000,35.6,2,35.5,7,35.6,60,1,2021-12-07 09:01:52
1638867712735988000,35.6,20,35.5,7,35.6,40,1,2021-12-07 09:01:52
1638867712772761000,35.6,38,35.5,7,35.6,2,1,2021-12-07 09:01:52
1638867712803333000,35.6,2,35.5,7,35.65,76,1,2021-12-07 09:01:52
1638867713205861000,35.6,2,35.55,3,35.65,75,1,2021-12-07 09:01:53
1638867713205861000,35.65,1,35.55,3,35.65,75,1,2021-12-07 09:01:53
1638867713493226000,35.6,2,35.6,1,35.65,75,2,2021-12-07 09:01:53
1638867713562758000,35.6,1,35.55,3,35.65,75,2,2021-12-07 09:01:53
1638867713649587000,35.65,3,35.55,3,35.65,72,1,2021-12-07 09:01:53
1638867713659978000,35.55,1,35.55,2,35.65,72,2,2021-12-07 09:01:53
1638867713859066000,35.55,1,35.55,1,35.65,72,2,2021-12-07 09:01:53
1638867714039321000,35.55,1,35.5,7,35.65,71,2,2021-12-07 09:01:54
1638867714442604000,35.65,2,35.5,7,35.65,69,1,2021-12-07 09:01:54
1638867714989161000,35.6,1,35.5,7,35.65,69,2,2021-12-07 09:01:54
1638867714989161000,35.5,1,35.5,7,35.65,69,2,2021-12-07 09:01:54
1638867715309609000,35.5,1,35.5,6,35.65,71,2,2021-12-07 09:01:55
1638867715979966000,35.65,2,35.5,6,35.65,69,1,2021-12-07 09:01:55
1638867716434945000,35.5,5,35.5,1,35.65,69,2,2021-12-07 09:01:56
1638867716861279000,35.55,1,35.5,1,35.65,69,1,2021-12-07 09:01:56
1638867717279547000,35.5,1,35.45,13,35.6,10,2,2021-12-07 09:01:57
1638867718407244000,35.55,1,35.5,3,35.6,15,1,2021-12-07 09:01:58
1638867718419974000,35.5,2,35.5,1,35.6,15,2,2021-12-07 09:01:58
1638867718422231000,35.5,1,35.45,11,35.6,15,2,2021-12-07 09:01:58
1638867718422231000,35.45,2,35.45,11,35.6,15,2,2021-12-07 09:01:58
1638867719679729000,35.6,5,35.45,11,35.6,10,1,2021-12-07 09:01:59
1638867719777325000,35.5,1,35.45,11,35.6,9,2,2021-12-07 09:01:59
1638867719777773000,35.6,1,35.45,11,35.6,9,1,2021-12-07 09:01:59
1638867721165031000,35.55,1,35.5,1,35.55,3,2,2021-12-07 09:02:01
1638867721637373000,35.5,1,35.45,11,35.5,1,2,2021-12-07 09:02:01
1638867722063242000,35.45,2,35.45,10,35.5,1,2,2021-12-07 09:02:02
1638867722248556000,35.45,5,35.45,5,35.5,1,2,2021-12-07 09:02:02
1638867722499231000,35.45,2,35.45,4,35.5,1,2,2021-12-07 09:02:02
1638867722568278000,35.45,1,35.45,3,35.5,1,2,2021-12-07 09:02:02
1638867722630984000,35.5,1,35.45,3,35.55,11,1,2021-12-07 09:02:02
1638867722988197000,35.5,1,35.45,3,35.5,2,1,2021-12-07 09:02:02
1638867723025011000,35.45,1,35.45,2,35.5,2,2,2021-12-07 09:02:03
1638867723218193000,35.5,1,35.45,3,35.5,1,1,2021-12-07 09:02:03
1638867724111372000,35.5,3,35.5,1,35.55,14,1,2021-12-07 09:02:04
1638867724504924000,35.5,2,35.5,2,35.55,14,2,2021-12-07 09:02:04
1638867724660792000,35.5,1,35.5,1,35.55,14,2,2021-12-07 09:02:04
1638867724994516000,35.5,1,35.5,1,35.55,15,2,2021-12-07 09:02:04
1638867725147747000,35.5,1,35.45,3,35.5,1,2,2021-12-07 09:02:05
1638867726527389000,35.45,3,35.45,1,35.5,4,2,2021-12-07 09:02:06
1638867726547951000,35.45,1,35.4,10,35.5,4,2,2021-12-07 09:02:06
1638867726870293000,35.5,2,35.4,10,35.5,2,1,2021-12-07 09:02:06
1638867726953388000,35.5,1,35.4,10,35.5,6,1,2021-12-07 09:02:06
1638867727407610000,35.5,1,35.45,1,35.5,19,1,2021-12-07 09:02:07
1638867727438599000,35.45,1,35.4,10,35.5,20,2,2021-12-07 09:02:07
1638867727879993000,35.45,2,35.4,10,35.5,20,1,2021-12-07 09:02:07
1638867728139246000,35.5,5,35.4,10,35.5,15,1,2021-12-07 09:02:08
1638867728432838000,35.45,5,35.4,10,35.5,10,2,2021-12-07 09:02:08
1638867728432838000,35.5,5,35.4,10,35.5,10,1,2021-12-07 09:02:08
1638867730470190000,35.4,1,35.4,10,35.45,1,2,2021-12-07 09:02:10
1638867730916599000,35.4,10,35.35,9,35.45,1,2,2021-12-07 09:02:10
1638867731247617000,35.4,1,35.35,9,35.45,1,1,2021-12-07 09:02:11
1638867731560069000,35.45,1,35.35,11,35.5,103,1,2021-12-07 09:02:11
1638867731560069000,35.5,9,35.35,11,35.5,103,1,2021-12-07 09:02:11
1638867731624448000,35.5,1,35.45,1,35.5,102,1,2021-12-07 09:02:11
1638867731628623000,35.45,1,35.35,11,35.5,102,2,2021-12-07 09:02:11
1638867731661700000,35.45,1,35.45,2,35.5,102,2,2021-12-07 09:02:11
1638867731671572000,35.45,2,35.35,11,35.5,102,2,2021-12-07 09:02:11
1638867732044246000,35.45,1,35.35,12,35.5,103,2,2021-12-07 09:02:12
1638867732089232000,35.45,1,35.35,12,35.5,103,2,2021-12-07 09:02:12
1638867732089572000,35.45,1,35.35,12,35.5,103,2,2021-12-07 09:02:12
1638867732641074000,35.45,3,35.45,5,35.5,108,2,2021-12-07 09:02:12
1638867732683081000,35.45,5,35.35,12,35.5,108,2,2021-12-07 09:02:12
1638867733024595000,35.45,1,35.35,12,35.5,108,1,2021-12-07 09:02:13
1638867733258918000,35.5,2,35.35,12,35.5,106,1,2021-12-07 09:02:13
1638867733668571000,35.4,2,35.35,12,35.5,104,2,2021-12-07 09:02:13
1638867733668571000,35.5,3,35.35,12,35.5,104,1,2021-12-07 09:02:13
1638867733980486000,35.35,5,35.35,7,35.5,104,2,2021-12-07 09:02:13
1638867734009604000,35.5,3,35.35,7,35.5,101,1,2021-12-07 09:02:14
1638867734093212000,35.5,1,35.35,7,35.5,100,1,2021-12-07 09:02:14
1638867734868070000,35.45,2,35.35,8,35.5,97,2,2021-12-07 09:02:14
1638867734868070000,35.5,3,35.35,8,35.5,97,1,2021-12-07 09:02:14
1638867734945546000,35.35,4,35.35,4,35.5,97,2,2021-12-07 09:02:14
1638867735526796000,35.35,2,35.35,2,35.45,2,2,2021-12-07 09:02:15
1638867735546320000,35.35,1,35.3,49,35.45,2,2,2021-12-07 09:02:15
1638867735848003000,35.3,3,35.3,45,35.4,2,2,2021-12-07 09:02:15
1638867736011216000,35.4,2,35.3,45,35.45,2,1,2021-12-07 09:02:16
1638867736045695000,35.45,1,35.3,45,35.45,1,1,2021-12-07 09:02:16
1638867736406609000,35.45,1,35.3,60,35.5,104,1,2021-12-07 09:02:16
1638867736459367000,35.3,10,35.3,50,35.4,2,2,2021-12-07 09:02:16
1638867737317698000,35.35,1,35.3,50,35.35,1,1,2021-12-07 09:02:17
1638867737429599000,35.35,1,35.3,60,35.4,2,1,2021-12-07 09:02:17
1638867738964091000,35.35,2,35.35,2,35.4,2,2,2021-12-07 09:02:18
1638867739750646000,35.35,1,35.35,1,35.4,2,2,2021-12-07 09:02:19
1638867740221234000,35.4,2,35.35,2,35.45,2,1,2021-12-07 09:02:20
1638867741047611000,35.35,2,35.3,61,35.45,2,2,2021-12-07 09:02:21
1638867742231529000,35.35,2,35.3,62,35.4,1,2,2021-12-07 09:02:22
1638867742746692000,35.3,1,35.3,61,35.35,1,2,2021-12-07 09:02:22
1638867743329206000,35.3,2,35.3,59,35.35,1,2,2021-12-07 09:02:23
1638867743479295000,35.3,30,35.3,29,35.35,1,2,2021-12-07 09:02:23
1638867743504681000,35.3,29,35.25,28,35.35,1,2,2021-12-07 09:02:23
1638867743580864000,35.25,1,35.25,27,35.3,4,2,2021-12-07 09:02:23
1638867743896060000,35.3,2,35.25,27,35.3,2,1,2021-12-07 09:02:23
1638867745167684000,35.3,1,35.25,27,35.3,2,1,2021-12-07 09:02:25
1638867745199686000,35.25,10,35.25,17,35.3,2,2,2021-12-07 09:02:25
1638867745225761000,35.25,1,35.25,16,35.3,2,2,2021-12-07 09:02:25
1638867745227560000,35.25,1,35.25,15,35.3,2,2,2021-12-07 09:02:25
1638867746307242000,35.25,1,35.25,14,35.3,2,2,2021-12-07 09:02:26
1638867746586856000,35.25,2,35.25,12,35.3,2,2,2021-12-07 09:02:26
1638867746767807000,35.3,1,35.25,12,35.3,1,1,2021-12-07 09:02:26
1638867746807341000,35.25,1,35.25,11,35.3,1,2,2021-12-07 09:02:26
1638867746902453000,35.3,1,35.25,11,35.35,1,1,2021-12-07 09:02:26
1638867746981345000,35.35,1,35.25,11,35.4,7,1,2021-12-07 09:02:26
1638867747018875000,35.25,11,0.0,0,0.0,0,2,2021-12-07 09:02:27
1638867747018875000,35.25,0,0.0,0,0.0,0,2,2021-12-07 09:02:27
1638867867359247000,35.0,335,34.95,17,35.0,192,2,2021-12-07 09:04:27
1638867867423827000,35.0,1,34.95,17,35.0,191,1,2021-12-07 09:04:27
1638867867638183000,35.0,1,34.95,17,35.0,190,1,2021-12-07 09:04:27
1638867871809946000,35.0,5,34.95,18,35.0,185,1,2021-12-07 09:04:31
1638867872193258000,35.0,1,34.95,18,35.0,184,1,2021-12-07 09:04:32
1638867873116019000,34.95,2,34.95,16,35.0,184,2,2021-12-07 09:04:33
1638867873693159000,35.0,1,34.95,16,35.0,183,1,2021-12-07 09:04:33
1638867874312611000,35.0,1,34.95,16,35.0,182,1,2021-12-07 09:04:34
1638867874650566000,34.95,16,34.9,21,35.0,182,2,2021-12-07 09:04:34
1638867874650566000,34.9,9,34.9,21,35.0,182,2,2021-12-07 09:04:34
1638867875662270000,34.9,5,34.9,16,34.95,5,2,2021-12-07 09:04:35
1638867875769263000,34.9,6,34.9,10,34.95,5,2,2021-12-07 09:04:35
1638867875806616000,34.9,10,34.85,30,34.95,5,2,2021-12-07 09:04:35
1638867876543565000,34.9,1,34.85,30,35.0,181,1,2021-12-07 09:04:36
1638867876543565000,34.95,5,34.85,30,35.0,181,1,2021-12-07 09:04:36
1638867876543565000,35.0,4,34.85,30,35.0,181,1,2021-12-07 09:04:36
1638867876662973000,34.85,5,34.85,30,35.0,181,2,2021-12-07 09:04:36
1638867876851325000,34.85,2,34.85,28,34.95,3,2,2021-12-07 09:04:36
1638867877652587000,34.9,1,34.85,28,34.95,3,1,2021-12-07 09:04:37
1638867878167075000,34.85,20,34.85,8,34.95,3,2,2021-12-07 09:04:38
1638867878198474000,34.9,1,34.8,45,34.95,3,1,2021-12-07 09:04:38
1638867878198474000,34.85,3,34.8,45,34.95,3,2,2021-12-07 09:04:38
1638867878227936000,34.9,1,34.8,45,34.95,3,1,2021-12-07 09:04:38
1638867880545571000,34.8,1,34.8,44,34.95,3,2,2021-12-07 09:04:40
1638867880970414000,34.8,25,34.8,19,34.95,3,2,2021-12-07 09:04:40
1638867881003986000,34.8,19,34.75,73,34.95,3,2,2021-12-07 09:04:41
1638867881250425000,34.75,1,34.75,72,34.9,5,2,2021-12-07 09:04:41
1638867881495712000,34.75,2,34.75,70,34.85,1,2,2021-12-07 09:04:41
1638867881506735000,34.75,3,34.75,67,34.85,1,2,2021-12-07 09:04:41
1638867882220865000,34.75,3,34.75,64,34.8,1,2,2021-12-07 09:04:42
1638867882962697000,34.8,1,34.75,64,34.85,1,1,2021-12-07 09:04:42
1638867882978442000,34.75,3,34.75,61,34.85,1,2,2021-12-07 09:04:42
1638867883162227000,34.75,1,34.75,60,34.8,1,2,2021-12-07 09:04:43
1638867884208312000,34.75,2,34.75,58,34.8,5,2,2021-12-07 09:04:44
1638867884248624000,34.75,1,34.75,57,34.8,5,2,2021-12-07 09:04:44
1638867884363495000,34.8,5,34.75,57,34.9,1,1,2021-12-07 09:04:44
1638867884363495000,34.85,1,34.75,57,34.9,1,1,2021-12-07 09:04:44
1638867884363495000,34.9,4,34.75,57,34.9,1,1,2021-12-07 09:04:44
1638867884586011000,34.9,1,34.75,57,35.0,180,1,2021-12-07 09:04:44
1638867884586011000,34.95,6,34.75,57,35.0,180,1,2021-12-07 09:04:44
1638867884586011000,35.0,3,34.75,57,35.0,180,1,2021-12-07 09:04:44
1638867884628958000,34.8,1,34.75,62,35.0,180,2,2021-12-07 09:04:44
1638867884736461000,34.95,2,34.75,62,34.95,9,1,2021-12-07 09:04:44
1638867885636279000,34.85,1,34.75,62,34.95,1,2,2021-12-07 09:04:45
1638867885636279000,34.8,2,34.75,62,34.95,1,2,2021-12-07 09:04:45
1638867885659367000,34.75,3,34.75,59,34.95,1,2,2021-12-07 09:04:45
1638867887652308000,34.8,3,34.75,60,34.8,2,1,2021-12-07 09:04:47
1638867888197116000,34.75,6,34.75,49,34.8,2,2,2021-12-07 09:04:48
1638867888221595000,34.75,1,34.75,48,34.8,2,2,2021-12-07 09:04:48
1638867888251278000,34.75,1,34.75,47,34.8,2,2,2021-12-07 09:04:48
1638867889812785000,34.75,1,34.75,49,34.8,3,2,2021-12-07 09:04:49
1638867889832756000,34.8,3,34.75,49,34.95,10,1,2021-12-07 09:04:49
1638867890278025000,34.8,1,34.8,2,34.9,1,2,2021-12-07 09:04:50
1638867891034871000,34.8,1,34.8,1,34.9,1,2,2021-12-07 09:04:51
1638867891065089000,34.8,1,34.75,50,34.9,1,2,2021-12-07 09:04:51
1638867891603052000,34.75,1,34.75,49,34.9,1,2,2021-12-07 09:04:51
1638867892018365000,34.75,1,34.75,48,34.9,1,2,2021-12-07 09:04:52
1638867892547186000,34.9,1,34.9,1,34.95,10,1,2021-12-07 09:04:52
1638867892589825000,34.9,1,34.75,48,34.95,10,2,2021-12-07 09:04:52
1638867893115891000,34.75,2,34.75,46,34.95,10,2,2021-12-07 09:04:53
1638867893448369000,34.95,1,34.75,46,34.95,9,1,2021-12-07 09:04:53
1638867894850983000,34.8,1,34.8,6,34.95,9,2,2021-12-07 09:04:54
1638867894922553000,34.95,4,34.8,6,34.95,5,1,2021-12-07 09:04:54
1638867895201770000,34.8,11,34.75,46,34.8,14,2,2021-12-07 09:04:55
1638867898172651000,34.8,1,34.75,61,34.8,18,1,2021-12-07 09:04:58
1638867898214464000,34.8,1,34.75,61,34.8,17,1,2021-12-07 09:04:58
1638867898399681000,34.8,1,34.75,61,34.8,16,1,2021-12-07 09:04:58
1638867899109970000,34.8,1,34.75,61,34.8,15,1,2021-12-07 09:04:59
1638867899532565000,34.8,3,34.75,61,34.8,12,1,2021-12-07 09:04:59
1638867899925479000,34.75,1,34.75,60,34.8,12,2,2021-12-07 09:04:59
1638867899974354000,34.75,1,34.75,59,34.8,12,2,2021-12-07 09:04:59
1638867900488263000,34.8,1,34.75,60,34.8,11,1,2021-12-07 09:05:00
1638867900549854000,34.8,1,34.75,60,34.8,10,1,2021-12-07 09:05:00
1638867900740840000,34.75,8,34.75,52,34.8,10,2,2021-12-07 09:05:00
1638867900741333000,34.75,8,34.75,44,34.8,10,2,2021-12-07 09:05:00
1638867900745411000,34.75,18,34.75,26,34.8,10,2,2021-12-07 09:05:00
1638867900783667000,34.75,1,34.75,25,34.8,10,2,2021-12-07 09:05:00
1638867901086392000,34.75,8,34.75,17,34.8,10,2,2021-12-07 09:05:01
1638867901256632000,34.8,1,34.75,17,34.8,9,1,2021-12-07 09:05:01
1638867901298239000,34.75,1,34.75,16,34.8,9,2,2021-12-07 09:05:01
1638867901399015000,34.8,5,34.75,16,34.8,4,1,2021-12-07 09:05:01
1638867901610879000,34.8,5,34.75,17,34.8,14,1,2021-12-07 09:05:01
1638867901703021000,34.8,1,34.75,17,34.8,13,1,2021-12-07 09:05:01
1638867902888431000,34.75,1,34.75,22,34.8,19,2,2021-12-07 09:05:02
1638867903056879000,34.8,1,34.75,22,34.8,18,1,2021-12-07 09:05:03
1638867903482700000,34.75,1,34.75,21,34.8,21,2,2021-12-07 09:05:03
1638867903964979000,34.75,1,34.75,20,34.8,21,2,2021-12-07 09:05:03
1638867904002692000,34.75,5,34.75,15,34.8,21,2,2021-12-07 09:05:04
1638867904441266000,34.8,1,34.75,15,34.8,20,1,2021-12-07 09:05:04
1638867904992144000,34.75,1,34.75,15,34.8,20,2,2021-12-07 09:05:04
1638867906972860000,34.75,8,34.75,16,34.8,31,2,2021-12-07 09:05:06
1638867907218854000,34.75,1,34.75,15,34.8,33,2,2021-12-07 09:05:07
1638867907329897000,34.75,15,34.7,16,34.75,5,2,2021-12-07 09:05:07
1638867907366928000,34.7,1,34.7,15,34.75,5,2,2021-12-07 09:05:07
1638867907389108000,34.7,1,34.7,14,34.75,5,2,2021-12-07 09:05:07
1638867907797709000,34.7,1,34.7,13,34.75,5,2,2021-12-07 09:05:07
1638867907824032000,34.7,13,34.6,8,34.75,5,2,2021-12-07 09:05:07
1638867908182384000,34.75,3,34.6,13,34.75,2,1,2021-12-07 09:05:08
1638867908925150000,34.75,1,34.6,13,34.75,1,1,2021-12-07 09:05:08
1638867909211436000,34.6,5,34.6,8,34.75,1,2,2021-12-07 09:05:09
1638867909337901000,34.7,1,34.6,8,34.75,1,1,2021-12-07 09:05:09
1638867909867786000,34.75,1,34.6,8,34.75,2,1,2021-12-07 09:05:09
1638867910130443000,34.75,1,34.6,8,34.75,1,1,2021-12-07 09:05:10
1638867911152379000,34.75,1,34.6,8,34.8,33,1,2021-12-07 09:05:11
1638867911152379000,34.8,1,34.6,8,34.8,33,1,2021-12-07 09:05:11
1638867911407163000,34.6,3,34.6,5,34.8,33,2,2021-12-07 09:05:11
1638867911698794000,34.6,1,34.6,1,34.75,2,2,2021-12-07 09:05:11
1638867912254451000,34.6,1,34.5,14,34.75,3,2,2021-12-07 09:05:12
1638867912254451000,34.55,4,34.5,14,34.75,3,2,2021-12-07 09:05:12
1638867912254451000,34.5,10,34.5,14,34.75,3,2,2021-12-07 09:05:12
1638867912264648000,34.75,1,34.5,14,34.75,2,1,2021-12-07 09:05:12
1638867912821829000,34.7,1,34.5,14,34.7,5,2,2021-12-07 09:05:12
1638867914637418000,34.6,1,34.5,14,34.7,4,2,2021-12-07 09:05:14
1638867914637418000,34.7,1,34.5,14,34.7,4,1,2021-12-07 09:05:14
1638867915552306000,34.7,5,34.7,15,34.75,11,1,2021-12-07 09:05:15
1638867916033104000,34.7,1,34.7,14,34.75,6,2,2021-12-07 09:05:16
1638867919217189000,34.7,1,34.7,13,34.75,8,2,2021-12-07 09:05:19
1638867919249077000,34.7,1,34.7,12,34.75,8,2,2021-12-07 09:05:19
1638867919271613000,34.7,1,34.7,11,34.75,8,2,2021-12-07 09:05:19
1638867919312321000,34.7,2,34.7,9,34.75,8,2,2021-12-07 09:05:19
1638867919574940000,34.7,9,34.55,2,34.75,8,2,2021-12-07 09:05:19
1638867920188969000,34.55,6,34.5,14,34.7,2,2,2021-12-07 09:05:20
1638867920188969000,34.5,1,34.5,14,34.7,2,2,2021-12-07 09:05:20
1638867920554510000,34.65,1,34.6,1,34.7,2,1,2021-12-07 09:05:20
1638867920554510000,34.7,1,34.6,1,34.7,2,1,2021-12-07 09:05:20
1638867920617225000,34.7,2,34.6,1,34.75,14,1,2021-12-07 09:05:20
1638867921468249000,34.7,1,34.6,1,34.75,14,2,2021-12-07 09:05:21
1638867921902109000,34.75,1,34.6,1,34.75,14,1,2021-12-07 09:05:21
1638867922832988000,34.75,1,34.7,3,34.75,13,1,2021-12-07 09:05:22
1638867922860349000,34.75,13,34.7,3,34.8,31,1,2021-12-07 09:05:22
1638867923646891000,34.7,1,34.7,7,34.8,31,2,2021-12-07 09:05:23
1638867924756105000,34.7,1,34.7,6,34.8,31,2,2021-12-07 09:05:24
1638867926501210000,34.7,1,34.7,5,34.8,33,2,2021-12-07 09:05:26
1638867926743409000,34.75,1,34.7,6,34.75,4,1,2021-12-07 09:05:26
1638867927323229000,34.75,2,34.7,6,34.75,2,1,2021-12-07 09:05:27
1638867927359791000,34.75,2,34.7,6,34.8,33,1,2021-12-07 09:05:27
1638867928866726000,34.8,1,34.75,1,34.8,30,1,2021-12-07 09:05:28
1638867929888944000,34.75,1,34.7,16,34.75,8,2,2021-12-07 09:05:29
1638867929911107000,34.75,8,34.7,16,34.8,30,1,2021-12-07 09:05:29
1638867930798859000,34.75,1,34.7,20,34.8,30,1,2021-12-07 09:05:30
1638867933218219000,34.8,3,34.75,2,34.8,27,1,2021-12-07 09:05:33
1638867933654011000,34.75,1,34.75,6,34.8,36,2,2021-12-07 09:05:33
1638867934317300000,34.8,1,34.75,10,34.8,36,1,2021-12-07 09:05:34
1638867936196794000,34.75,1,34.75,18,34.8,36,2,2021-12-07 09:05:36
1638867937003430000,34.75,1,34.75,17,34.8,36,2,2021-12-07 09:05:37
1638867937327846000,34.8,2,34.75,17,34.8,34,1,2021-12-07 09:05:37
1638867938609301000,34.8,1,34.75,18,34.8,35,1,2021-12-07 09:05:38
1638867938648429000,34.75,4,34.75,14,34.8,35,2,2021-12-07 09:05:38
1638867938736595000,34.8,1,34.75,14,34.8,34,1,2021-12-07 09:05:38
1638867939523466000,34.8,1,34.75,14,34.8,33,1,2021-12-07 09:05:39
1638867939530548000,34.8,1,34.75,14,34.8,32,1,2021-12-07 09:05:39
1638867939844044000,34.8,30,34.75,14,34.8,2,1,2021-12-07 09:05:39
1638867939872345000,34.8,2,34.75,14,34.9,4,1,2021-12-07 09:05:39
1638867940525163000,34.8,1,34.75,23,34.9,4,2,2021-12-07 09:05:40
1638867940525163000,34.75,1,34.75,23,34.9,4,2,2021-12-07 09:05:40
1638867940657642000,34.75,1,34.75,23,34.9,4,2,2021-12-07 09:05:40
1638867940688190000,34.75,10,34.75,13,34.9,4,2,2021-12-07 09:05:40
1638867940875026000,34.9,1,34.75,13,34.9,3,1,2021-12-07 09:05:40
1638867947864935000,34.85,3,34.8,23,34.9,5,2,2021-12-07 09:05:47
1638867948545232000,34.8,1,34.8,22,34.9,5,2,2021-12-07 09:05:48
1638867948903639000,34.8,3,34.8,19,34.9,6,2,2021-12-07 09:05:48
1638867949724088000,34.85,1,34.8,20,34.9,5,1,2021-12-07 09:05:49
1638867949724088000,34.9,1,34.8,20,34.9,5,1,2021-12-07 09:05:49
1638867951890573000,34.9,1,34.8,23,34.9,4,1,2021-12-07 09:05:51
1638867954042332000,34.9,1,34.85,5,34.9,4,1,2021-12-07 09:05:54
1638867954109617000,34.9,2,34.85,5,34.9,2,1,2021-12-07 09:05:54
1638867955652076000,34.9,1,34.85,6,34.9,7,1,2021-12-07 09:05:55
1638867956314609000,34.9,1,34.85,6,34.9,6,1,2021-12-07 09:05:56
1638867956316144000,34.85,2,34.85,4,34.9,6,2,2021-12-07 09:05:56
1638867956608319000,34.9,3,34.85,4,34.9,3,1,2021-12-07 09:05:56
1638867956960036000,34.9,1,34.85,4,34.9,2,1,2021-12-07 09:05:56
1638867957449433000,34.9,1,34.85,4,34.9,1,1,2021-12-07 09:05:57
1638867957490517000,34.85,1,34.85,3,34.9,1,2,2021-12-07 09:05:57
1638867957612688000,34.9,1,34.85,3,34.95,17,1,2021-12-07 09:05:57
1638867957612688000,34.95,1,34.85,3,34.95,17,1,2021-12-07 09:05:57
1638867958144005000,34.95,1,34.9,1,34.95,21,1,2021-12-07 09:05:58
1638867959152345000,34.9,3,34.85,4,34.9,4,2,2021-12-07 09:05:59
1638867959328330000,34.9,1,34.85,4,34.9,3,1,2021-12-07 09:05:59
1638867959682003000,34.85,4,34.8,25,34.9,3,2,2021-12-07 09:05:59
1638867959682003000,34.8,2,34.8,25,34.9,3,2,2021-12-07 09:05:59
1638867960528816000,34.9,3,34.9,2,34.95,46,1,2021-12-07 09:06:00
1638867960935562000,34.9,2,34.8,19,34.95,46,2,2021-12-07 09:06:00
1638867960935562000,34.8,6,34.8,19,34.95,46,2,2021-12-07 09:06:00
1638867960936140000,34.95,1,34.8,19,34.95,45,1,2021-12-07 09:06:00
1638867960952315000,34.8,8,34.8,11,34.95,45,2,2021-12-07 09:06:00
1638867962102955000,34.9,1,34.85,2,34.95,47,1,2021-12-07 09:06:02
1638867966459146000,34.9,10,34.85,4,34.9,5,2,2021-12-07 09:06:06
1638867966596961000,34.9,1,34.85,4,34.9,4,1,2021-12-07 09:06:06
1638867967107773000,34.9,1,34.85,4,34.9,4,1,2021-12-07 09:06:07
1638867967940822000,34.85,1,34.85,3,34.9,4,2,2021-12-07 09:06:07
1638867967985649000,34.9,1,34.85,4,34.9,3,1,2021-12-07 09:06:07
1638867968027849000,34.9,2,34.85,4,34.9,1,1,2021-12-07 09:06:08
1638867968034278000,34.85,1,34.85,3,34.9,1,2,2021-12-07 09:06:08
1638867968401713000,34.9,1,34.9,1,34.95,100,1,2021-12-07 09:06:08
1638867968429282000,34.9,1,34.85,3,34.95,100,2,2021-12-07 09:06:08
1638867968543588000,34.9,1,34.85,3,34.95,91,1,2021-12-07 09:06:08
1638867968543588000,34.95,9,34.85,3,34.95,91,1,2021-12-07 09:06:08
1638867968674523000,34.85,1,34.85,2,34.95,91,2,2021-12-07 09:06:08
1638867970739183000,34.9,1,34.85,6,34.9,4,1,2021-12-07 09:06:10
1638867972104702000,34.9,3,34.85,2,34.9,1,1,2021-12-07 09:06:12
1638867973380256000,34.9,1,34.85,2,34.95,86,1,2021-12-07 09:06:13
1638867974247677000,34.9,3,34.85,3,34.9,2,2,2021-12-07 09:06:14
1638867974345336000,34.9,1,34.85,3,34.9,10,1,2021-12-07 09:06:14
1638867974392013000,34.9,2,34.85,3,34.9,8,1,2021-12-07 09:06:14
1638867975749151000,34.9,8,34.9,2,34.95,86,1,2021-12-07 09:06:15
1638867975950668000,34.95,10,34.9,2,34.95,76,1,2021-12-07 09:06:15
1638867977614471000,34.95,1,34.9,3,34.95,78,1,2021-12-07 09:06:17
1638867978396459000,34.95,1,34.9,4,34.95,78,1,2021-12-07 09:06:18
1638867981042380000,34.95,1,34.9,9,34.95,78,1,2021-12-07 09:06:21
1638867981407760000,34.95,3,34.9,9,34.95,75,1,2021-12-07 09:06:21
1638867982149241000,34.9,1,34.9,8,34.95,75,2,2021-12-07 09:06:22
1638867982720242000,34.95,2,34.9,9,34.95,73,1,2021-12-07 09:06:22
1638867983251395000,34.95,3,34.9,12,34.95,70,1,2021-12-07 09:06:23
1638867983953030000,34.95,1,34.9,17,34.95,69,1,2021-12-07 09:06:23
1638867983958483000,34.95,2,34.9,17,34.95,67,1,2021-12-07 09:06:23
1638867985055054000,34.9,1,34.9,26,34.95,67,2,2021-12-07 09:06:25
1638867985192283000,34.9,10,34.9,16,34.95,67,2,2021-12-07 09:06:25
1638867985929098000,34.95,20,34.9,17,34.95,47,1,2021-12-07 09:06:25
1638867987110858000,34.95,1,34.9,17,34.95,46,1,2021-12-07 09:06:27
1638867987419773000,34.95,2,34.9,17,34.95,44,1,2021-12-07 09:06:27
1638867987475348000,34.95,2,34.9,17,34.95,42,1,2021-12-07 09:06:27
1638867987647363000,34.95,10,34.9,17,34.95,32,1,2021-12-07 09:06:27
1638867988024335000,34.9,1,34.9,16,34.95,32,2,2021-12-07 09:06:28
1638867988103230000,34.95,5,34.9,16,34.95,27,1,2021-12-07 09:06:28
1638867988216437000,34.95,10,34.9,16,34.95,17,1,2021-12-07 09:06:28
1638867988336560000,34.95,1,34.9,16,34.95,16,1,2021-12-07 09:06:28
1638867989375331000,34.95,5,34.9,17,34.95,11,1,2021-12-07 09:06:29
1638867989429012000,34.95,1,34.9,17,34.95,10,1,2021-12-07 09:06:29
1638867989572901000,34.95,2,34.9,18,34.95,8,1,2021-12-07 09:06:29
1638867992287177000,34.95,2,34.9,18,34.95,6,1,2021-12-07 09:06:32
1638867992990129000,34.95,5,34.9,19,34.95,1,1,2021-12-07 09:06:32
1638867993166555000,34.95,1,34.95,2,35.0,190,1,2021-12-07 09:06:33
1638867993420533000,34.95,2,34.9,11,35.0,190,2,2021-12-07 09:06:33
1638867993420533000,34.9,8,34.9,11,35.0,190,2,2021-12-07 09:06:33
1638867994600971000,34.95,1,34.9,11,34.95,1,1,2021-12-07 09:06:34
1638867994887170000,34.95,1,34.95,1,35.0,190,1,2021-12-07 09:06:34
1638867995288718000,34.95,1,34.9,11,34.95,4,2,2021-12-07 09:06:35
1638867996892184000,34.95,2,34.9,36,34.95,12,1,2021-12-07 09:06:36
1638867999023456000,34.95,1,34.9,36,34.95,13,1,2021-12-07 09:06:39
1638867999115098000,34.95,5,34.9,36,34.95,8,1,2021-12-07 09:06:39
1638867999467142000,34.95,1,34.9,36,34.95,7,1,2021-12-07 09:06:39
1638867999601753000,34.95,1,34.9,36,34.95,6,1,2021-12-07 09:06:39
1638867999619627000,34.95,3,34.9,36,34.95,3,1,2021-12-07 09:06:39
1638867999878264000,34.9,3,34.9,34,34.95,3,2,2021-12-07 09:06:39
1638868000093507000,34.95,3,34.95,1,35.0,188,1,2021-12-07 09:06:40
1638868003054895000,34.95,1,34.95,8,35.0,186,2,2021-12-07 09:06:43
1638868005626926000,34.95,1,34.95,9,35.0,188,2,2021-12-07 09:06:45
1638868005860805000,34.95,3,34.95,6,35.0,188,2,2021-12-07 09:06:45
1638868006182855000,34.95,5,34.95,1,35.0,188,2,2021-12-07 09:06:46
1638868007463840000,34.95,2,34.95,3,35.0,188,2,2021-12-07 09:06:47
1638868008871784000,35.0,2,34.95,6,35.0,186,1,2021-12-07 09:06:48
1638868009817941000,35.0,2,34.95,11,35.0,184,1,2021-12-07 09:06:49
1638868010208708000,34.95,11,34.9,32,35.0,184,2,2021-12-07 09:06:50
1638868010208708000,34.9,6,34.9,32,35.0,184,2,2021-12-07 09:06:50
1638868010752216000,35.0,1,34.9,32,35.0,183,1,2021-12-07 09:06:50
1638868011099032000,35.0,5,34.9,32,35.0,178,1,2021-12-07 09:06:51
1638868011877279000,34.95,6,34.9,32,34.95,4,2,2021-12-07 09:06:51
1638868011897206000,34.95,3,34.9,32,34.95,1,1,2021-12-07 09:06:51
1638868012165827000,34.95,1,34.95,1,35.0,178,1,2021-12-07 09:06:52
1638868012845581000,34.95,1,34.9,32,34.95,9,2,2021-12-07 09:06:52
1638868015987346000,34.95,1,34.9,32,34.95,8,1,2021-12-07 09:06:55
1638868016111537000,34.95,1,34.9,32,34.95,7,1,2021-12-07 09:06:56
1638868017281785000,34.95,1,34.9,32,34.95,6,1,2021-12-07 09:06:57
1638868018661170000,34.9,1,34.9,31,34.95,7,2,2021-12-07 09:06:58
1638868018708498000,34.95,2,34.9,31,34.95,5,1,2021-12-07 09:06:58
1638868019541448000,34.9,3,34.9,28,34.95,5,2,2021-12-07 09:06:59
1638868019563479000,34.9,1,34.9,27,34.95,5,2,2021-12-07 09:06:59
1638868019583659000,34.9,13,34.9,14,34.95,5,2,2021-12-07 09:06:59
1638868019630676000,34.9,1,34.9,13,34.95,5,2,2021-12-07 09:06:59
1638868019633849000,34.95,2,34.9,13,34.95,3,1,2021-12-07 09:06:59
1638868020064529000,34.95,1,34.9,13,34.95,2,1,2021-12-07 09:07:00
1638868021467579000,34.95,1,34.9,13,34.95,4,1,2021-12-07 09:07:01
1638868021873658000,34.95,2,34.9,14,34.95,2,1,2021-12-07 09:07:01
1638868021901588000,34.9,2,34.9,12,34.95,2,2,2021-12-07 09:07:01
1638868021933953000,34.9,1,34.9,11,34.95,2,2,2021-12-07 09:07:01
1638868021961277000,34.9,11,34.85,3,34.95,2,2,2021-12-07 09:07:01
1638868022955557000,34.9,1,34.95,7,35.0,177,1,2021-12-07 09:07:02
1638868022955557000,34.95,2,34.95,7,35.0,177,1,2021-12-07 09:07:02
1638868022982936000,34.95,7,34.85,3,35.0,177,2,2021-12-07 09:07:02
1638868023064815000,34.95,1,34.85,3,35.0,177,2,2021-12-07 09:07:03
1638868027654715000,34.9,1,34.85,5,34.9,1,2,2021-12-07 09:07:07
1638868027895092000,34.85,4,34.85,1,34.9,3,2,2021-12-07 09:07:07
1638868027923428000,34.9,2,34.85,1,34.9,1,1,2021-12-07 09:07:07
1638868027973443000,34.85,1,34.8,33,34.9,1,2,2021-12-07 09:07:07
1638868028531553000,34.9,1,34.8,33,34.95,4,1,2021-12-07 09:07:08
1638868028698685000,34.95,9,34.95,1,35.0,177,1,2021-12-07 09:07:08
1638868028728497000,34.95,1,34.8,33,35.0,177,2,2021-12-07 09:07:08
1638868028861697000,34.95,1,34.8,33,35.0,177,2,2021-12-07 09:07:08
1638868028879361000,35.0,5,34.8,33,35.0,172,1,2021-12-07 09:07:08
1638868029319662000,34.9,1,34.8,33,34.95,5,2,2021-12-07 09:07:09
1638868031213329000,34.8,1,34.8,33,34.9,2,2,2021-12-07 09:07:11
1638868031988870000,34.9,2,34.85,2,34.95,13,1,2021-12-07 09:07:11
1638868031988870000,34.95,2,34.85,2,34.95,13,1,2021-12-07 09:07:11
1638868032375670000,34.85,1,34.85,1,34.9,1,2,2021-12-07 09:07:12
1638868033570876000,34.85,1,34.8,33,34.9,1,2,2021-12-07 09:07:13
1638868035564770000,34.8,34,34.75,17,34.9,2,2,2021-12-07 09:07:15
1638868035564770000,34.75,16,34.75,17,34.9,2,2,2021-12-07 09:07:15
1638868035638040000,34.75,7,34.75,10,34.85,4,2,2021-12-07 09:07:15
1638868035669289000,34.75,10,34.7,27,34.85,4,2,2021-12-07 09:07:15
1638868036255480000,34.8,1,34.7,23,34.8,1,1,2021-12-07 09:07:16
1638868036620148000,34.75,1,34.7,23,34.85,4,2,2021-12-07 09:07:16
1638868036620148000,34.8,1,34.7,23,34.85,4,1,2021-12-07 09:07:16
1638868039931510000,34.75,1,34.7,23,34.8,5,2,2021-12-07 09:07:19
1638868044204076000,34.7,1,34.7,23,34.8,5,2,2021-12-07 09:07:24
1638868044252547000,34.7,5,34.7,18,34.8,5,2,2021-12-07 09:07:24
1638868044288843000,34.7,18,34.65,10,34.8,5,2,2021-12-07 09:07:24
1638868044317014000,34.65,1,34.65,9,34.8,10,2,2021-12-07 09:07:24
1638868044339849000,34.65,1,34.65,8,34.75,2,2,2021-12-07 09:07:24
1638868044350272000,34.65,7,34.65,1,34.75,2,2,2021-12-07 09:07:24
1638868044450863000,34.65,1,34.6,14,34.75,2,2,2021-12-07 09:07:24
1638868044858889000,34.75,1,34.7,4,34.75,1,1,2021-12-07 09:07:24
1638868047781304000,34.7,4,34.6,13,34.75,1,2,2021-12-07 09:07:27
1638868047781304000,34.6,1,34.6,13,34.75,1,2,2021-12-07 09:07:27
1638868048222014000,34.75,1,34.6,13,34.8,10,1,2021-12-07 09:07:28
1638868049310048000,34.75,1,34.6,13,34.75,1,1,2021-12-07 09:07:29
1638868049473565000,34.7,1,34.7,5,34.75,1,2,2021-12-07 09:07:29
1638868054134183000,34.7,2,34.7,3,34.75,2,2,2021-12-07 09:07:34
1638868054632650000,34.75,2,34.75,18,34.8,10,1,2021-12-07 09:07:34
1638868055328421000,34.75,1,34.75,18,34.8,6,2,2021-12-07 09:07:35
1638868056266122000,34.8,3,34.75,18,34.8,3,1,2021-12-07 09:07:36
1638868057269518000,34.75,1,34.75,17,34.8,3,2,2021-12-07 09:07:37
1638868060369812000,34.75,10,34.75,16,34.8,3,2,2021-12-07 09:07:40
1638868060428016000,34.8,1,34.75,16,34.8,2,1,2021-12-07 09:07:40
1638868060467997000,34.8,1,34.75,16,34.8,1,1,2021-12-07 09:07:40
1638868061513333000,34.75,4,34.75,12,34.8,1,2,2021-12-07 09:07:41
1638868063008988000,34.75,1,34.75,11,34.8,1,2,2021-12-07 09:07:43
1638868063201021000,34.8,1,34.8,1,34.85,4,1,2021-12-07 09:07:43
1638868064959833000,34.8,1,34.75,11,34.85,4,2,2021-12-07 09:07:44
1638868067032750000,34.75,1,34.75,11,34.85,8,2,2021-12-07 09:07:47
1638868069230746000,34.75,1,34.75,13,34.8,2,2,2021-12-07 09:07:49
1638868070861779000,34.8,2,34.75,20,34.85,8,1,2021-12-07 09:07:50
1638868074031482000,34.75,2,34.75,21,34.85,5,2,2021-12-07 09:07:54
1638868074934925000,34.8,1,34.8,4,34.85,5,1,2021-12-07 09:07:54
1638868076052222000,34.85,1,34.8,4,34.85,4,1,2021-12-07 09:07:56
1638868077284296000,34.8,1,34.8,3,34.85,4,2,2021-12-07 09:07:57
1638868079450351000,34.8,1,34.8,7,34.85,4,2,2021-12-07 09:07:59
1638868081159063000,34.8,2,34.8,6,34.85,9,2,2021-12-07 09:08:01
1638868084865021000,34.8,1,34.8,6,34.85,9,2,2021-12-07 09:08:04
1638868085200174000,34.8,5,34.8,1,34.85,9,2,2021-12-07 09:08:05
1638868085501179000,34.85,1,34.8,1,34.85,8,1,2021-12-07 09:08:05
1638868088078972000,34.8,1,34.75,61,34.8,1,2,2021-12-07 09:08:08
1638868088898352000,34.8,1,34.75,61,34.8,2,1,2021-12-07 09:08:08
1638868089918490000,34.8,2,34.75,61,34.85,8,1,2021-12-07 09:08:09
1638868089918490000,34.85,1,34.75,61,34.85,8,1,2021-12-07 09:08:09
1638868090269478000,34.85,1,34.75,61,34.85,7,1,2021-12-07 09:08:10
1638868091399990000,34.8,2,34.8,8,34.85,8,2,2021-12-07 09:08:11
1638868094787581000,34.8,13,34.65,7,34.85,9,2,2021-12-07 09:08:14
1638868094787581000,34.75,61,34.65,7,34.85,9,2,2021-12-07 09:08:14
1638868094787581000,34.7,26,34.65,7,34.85,9,2,2021-12-07 09:08:14
1638868094806233000,34.85,3,34.65,7,34.85,6,1,2021-12-07 09:08:14
1638868096822858000,34.8,1,34.75,1,34.8,1,2,2021-12-07 09:08:16
1638868097558789000,34.8,1,34.8,1,34.85,10,1,2021-12-07 09:08:17
1638868099323998000,34.8,1,34.75,1,34.8,1,2,2021-12-07 09:08:19
1638868100492138000,34.8,1,34.75,1,34.85,10,1,2021-12-07 09:08:20
1638868101353402000,34.75,2,34.75,4,34.85,10,2,2021-12-07 09:08:21
1638868101500516000,34.85,1,34.75,4,34.85,9,1,2021-12-07 09:08:21
1638868107917153000,34.85,1,34.8,9,34.85,4,1,2021-12-07 09:08:27
1638868109802413000,34.85,2,34.8,10,34.85,3,1,2021-12-07 09:08:29
1638868112338578000,34.8,2,34.8,8,34.85,5,2,2021-12-07 09:08:32
1638868113591409000,34.8,6,34.8,2,34.85,5,2,2021-12-07 09:08:33
1638868117862053000,34.8,1,34.8,12,34.85,5,2,2021-12-07 09:08:37
1638868122347659000,34.8,12,34.75,12,34.8,32,2,2021-12-07 09:08:42
1638868125332205000,34.75,2,34.75,10,34.8,32,2,2021-12-07 09:08:45
1638868125507343000,34.75,1,34.75,9,34.8,32,2,2021-12-07 09:08:45
1638868129103076000,34.75,4,34.75,5,34.8,33,2,2021-12-07 09:08:49
1638868130513882000,34.75,1,34.75,6,34.8,34,2,2021-12-07 09:08:50
1638868131623118000,34.75,2,34.75,4,34.8,38,2,2021-12-07 09:08:51
1638868131657708000,34.75,4,34.7,2,34.8,38,2,2021-12-07 09:08:51
1638868132133466000,34.7,2,34.65,13,34.7,1,2,2021-12-07 09:08:52
1638868135325777000,34.7,1,34.7,2,34.75,5,1,2021-12-07 09:08:55
1638868135702448000,34.75,2,34.7,2,34.75,3,1,2021-12-07 09:08:55
1638868136007556000,34.75,1,34.7,2,34.75,2,1,2021-12-07 09:08:56
1638868136933423000,34.75,2,34.75,3,34.8,38,1,2021-12-07 09:08:56
1638868138492925000,34.75,2,34.75,11,34.8,34,2,2021-12-07 09:08:58
1638868142942334000,34.75,1,34.75,11,34.8,34,2,2021-12-07 09:09:02
1638868144914634000,34.75,2,34.75,11,34.8,34,2,2021-12-07 09:09:04
1638868145677951000,34.75,4,34.75,7,34.8,34,2,2021-12-07 09:09:05
1638868147517465000,34.75,3,34.75,5,34.8,34,2,2021-12-07 09:09:07
1638868151552277000,34.8,10,34.75,9,34.8,29,1,2021-12-07 09:09:11
1638868154602059000,34.75,1,34.75,9,34.8,29,2,2021-12-07 09:09:14
1638868155598172000,34.75,4,34.75,5,34.8,29,2,2021-12-07 09:09:15
1638868159831749000,34.75,3,34.75,3,34.8,29,2,2021-12-07 09:09:19
1638868162572364000,34.75,1,34.75,2,34.8,29,2,2021-12-07 09:09:22
1638868162582190000,34.75,1,34.75,1,34.8,29,2,2021-12-07 09:09:22
1638868162622719000,34.75,1,34.7,7,34.8,29,2,2021-12-07 09:09:22
1638868164710256000,34.75,10,34.7,7,34.8,31,1,2021-12-07 09:09:24
1638868165985998000,34.8,1,34.7,7,34.8,30,1,2021-12-07 09:09:25
1638868167637998000,34.8,5,34.7,7,34.8,26,1,2021-12-07 09:09:27
1638868172479483000,34.75,3,34.7,18,34.8,25,2,2021-12-07 09:09:32
1638868173465306000,34.75,1,34.7,18,34.8,24,1,2021-12-07 09:09:33
1638868173465306000,34.8,1,34.7,18,34.8,24,1,2021-12-07 09:09:33
1638868176951251000,34.75,1,34.7,19,34.8,5,2,2021-12-07 09:09:36
1638868176951251000,34.8,24,34.7,19,34.8,5,1,2021-12-07 09:09:36
1638868177204358000,34.75,2,34.7,19,34.75,3,2,2021-12-07 09:09:37
1638868182702729000,34.75,3,34.75,1,34.8,7,1,2021-12-07 09:09:42
1638868182927072000,34.75,1,34.7,10,34.8,7,2,2021-12-07 09:09:42
1638868182927072000,34.7,9,34.7,10,34.8,7,2,2021-12-07 09:09:42
1638868189126198000,34.75,1,34.7,14,34.8,24,1,2021-12-07 09:09:49
1638868195160814000,34.8,29,34.75,1,34.85,8,1,2021-12-07 09:09:55
1638868195160814000,34.85,1,34.75,1,34.85,8,1,2021-12-07 09:09:55
1638868202650051000,34.8,1,34.75,3,34.85,11,2,2021-12-07 09:10:02
1638868203030591000,34.85,1,34.75,3,34.85,10,1,2021-12-07 09:10:03
1638868204613897000,34.85,1,34.75,3,34.85,9,1,2021-12-07 09:10:04
1638868204856420000,34.85,1,34.75,6,34.85,8,1,2021-12-07 09:10:04
1638868205791606000,34.85,1,34.75,6,34.85,9,1,2021-12-07 09:10:05
1638868207768057000,34.8,1,34.75,3,34.9,39,2,2021-12-07 09:10:07
1638868207768057000,34.85,9,34.75,3,34.9,39,1,2021-12-07 09:10:07
1638868209308928000,34.9,2,34.85,1,34.9,33,1,2021-12-07 09:10:09
1638868210410034000,34.85,1,34.75,4,34.9,33,2,2021-12-07 09:10:10
1638868213253201000,34.85,1,34.8,4,34.85,9,1,2021-12-07 09:10:13
1638868213629184000,34.85,1,34.8,4,34.85,8,1,2021-12-07 09:10:13
1638868213826725000,34.8,1,34.8,3,34.85,8,2,2021-12-07 09:10:13
1638868215645997000,34.85,8,34.75,11,34.9,31,1,2021-12-07 09:10:15
1638868215645997000,34.9,2,34.75,11,34.9,31,1,2021-12-07 09:10:15
1638868216295410000,34.85,1,34.85,5,34.9,31,2,2021-12-07 09:10:16
1638868217816592000,34.85,2,34.85,3,34.9,31,2,2021-12-07 09:10:17
1638868221045147000,34.85,1,34.85,2,34.9,31,2,2021-12-07 09:10:21
1638868222561597000,34.85,1,34.85,1,34.9,31,2,2021-12-07 09:10:22
1638868222571640000,34.85,1,34.8,4,34.9,31,2,2021-12-07 09:10:22
1638868222887201000,34.9,5,34.8,7,34.9,26,1,2021-12-07 09:10:22
1638868224763328000,34.85,2,34.8,5,34.85,13,2,2021-12-07 09:10:24
1638868225672376000,34.85,1,34.8,5,34.85,12,1,2021-12-07 09:10:25
1638868226080697000,34.85,1,34.8,5,34.85,11,1,2021-12-07 09:10:26
1638868227859954000,34.85,1,34.8,4,34.85,10,1,2021-12-07 09:10:27
1638868233292258000,34.85,1,34.8,4,34.85,12,1,2021-12-07 09:10:33
1638868233473464000,34.85,2,34.8,4,34.85,10,1,2021-12-07 09:10:33
1638868233885853000,34.8,4,34.75,2,34.85,10,2,2021-12-07 09:10:33
1638868233885853000,34.75,16,34.75,2,34.85,10,2,2021-12-07 09:10:33
1638868234011395000,34.85,2,34.75,5,34.85,8,1,2021-12-07 09:10:34
1638868234588050000,34.85,2,34.75,5,34.85,6,1,2021-12-07 09:10:34
1638868235706504000,34.85,1,34.75,5,34.85,5,1,2021-12-07 09:10:35
1638868241169183000,34.8,3,34.75,3,34.85,7,2,2021-12-07 09:10:41
1638868241443235000,34.85,7,34.85,4,34.9,28,1,2021-12-07 09:10:41
1638868243699518000,34.85,3,34.85,1,34.9,28,2,2021-12-07 09:10:43
1638868244378961000,34.85,1,34.75,5,34.85,4,2,2021-12-07 09:10:44
1638868251141957000,34.85,1,34.75,14,34.85,5,1,2021-12-07 09:10:51
1638868251160835000,34.85,1,34.75,14,34.85,4,1,2021-12-07 09:10:51
1638868267356914000,34.85,3,34.8,1,34.85,13,1,2021-12-07 09:11:07
1638868274056587000,34.85,2,34.8,2,34.85,18,1,2021-12-07 09:11:14
1638868276977652000,34.8,1,34.8,1,34.85,21,2,2021-12-07 09:11:16
1638868277920930000,34.85,2,34.8,3,34.85,19,1,2021-12-07 09:11:17
1638868277959519000,34.85,1,34.8,3,34.85,18,1,2021-12-07 09:11:17
1638868279707714000,34.85,1,34.8,3,34.85,19,1,2021-12-07 09:11:19
1638868281593772000,34.85,1,34.8,3,34.85,19,1,2021-12-07 09:11:21
1638868282645942000,34.8,1,34.8,2,34.85,20,2,2021-12-07 09:11:22
1638868282654050000,34.8,1,34.8,1,34.85,20,2,2021-12-07 09:11:22
1638868282983994000,34.8,1,34.75,14,34.85,20,2,2021-12-07 09:11:22
1638868282983994000,34.75,2,34.75,14,34.85,20,2,2021-12-07 09:11:22
1638868293663992000,34.75,1,34.75,12,34.85,24,2,2021-12-07 09:11:33
1638868297801905000,34.8,2,34.8,1,34.85,24,1,2021-12-07 09:11:37
1638868307262083000,34.8,1,34.8,1,34.85,27,2,2021-12-07 09:11:47
1638868308094214000,34.8,1,34.75,14,34.85,28,2,2021-12-07 09:11:48
1638868313200580000,34.8,1,34.8,9,34.85,28,2,2021-12-07 09:11:53
1638868315550441000,34.8,1,34.8,8,34.85,28,2,2021-12-07 09:11:55
1638868315589669000,34.8,1,34.8,7,34.85,28,2,2021-12-07 09:11:55
1638868315871343000,34.8,2,34.8,5,34.85,28,2,2021-12-07 09:11:55
1638868318809800000,34.8,1,34.8,5,34.85,28,2,2021-12-07 09:11:58
1638868319742560000,34.8,2,34.8,4,34.85,28,2,2021-12-07 09:11:59
1638868323157999000,34.8,3,34.8,1,34.85,28,2,2021-12-07 09:12:03
1638868324875386000,34.8,1,34.8,5,34.85,29,2,2021-12-07 09:12:04
1638868328507655000,34.8,1,34.8,7,34.85,29,2,2021-12-07 09:12:08
1638868339186356000,34.8,1,34.8,7,34.85,36,2,2021-12-07 09:12:19
1638868339239258000,34.8,1,34.8,6,34.85,36,2,2021-12-07 09:12:19
1638868339349203000,34.8,1,34.8,5,34.85,36,2,2021-12-07 09:12:19
1638868341361028000,34.85,1,34.8,6,34.85,35,1,2021-12-07 09:12:21
1638868341543242000,34.85,1,34.8,6,34.85,34,1,2021-12-07 09:12:21
1638868342537844000,34.85,1,34.8,6,34.85,33,1,2021-12-07 09:12:22
1638868342660109000,34.8,1,34.8,5,34.85,33,2,2021-12-07 09:12:22
1638868342669903000,34.8,1,34.8,4,34.85,33,2,2021-12-07 09:12:22
1638868343103295000,34.8,1,34.8,4,34.85,33,2,2021-12-07 09:12:23
1638868347083995000,34.8,1,34.8,4,34.85,33,2,2021-12-07 09:12:27
1638868352332116000,34.8,3,34.8,2,34.85,33,2,2021-12-07 09:12:32
1638868354418973000,34.8,2,34.75,18,34.8,1,2,2021-12-07 09:12:34
1638868359791074000,34.8,1,34.75,19,34.8,3,1,2021-12-07 09:12:39
1638868370613398000,34.8,1,34.75,20,34.8,10,1,2021-12-07 09:12:50
1638868371608379000,34.8,1,34.75,20,34.8,9,1,2021-12-07 09:12:51
1638868375906000000,34.8,1,34.75,19,34.8,18,1,2021-12-07 09:12:55
1638868377602162000,34.75,10,34.75,10,34.8,18,2,2021-12-07 09:12:57
1638868380207695000,34.75,6,34.75,4,34.8,18,2,2021-12-07 09:13:00
1638868380245412000,34.75,4,34.7,42,34.8,18,2,2021-12-07 09:13:00
1638868384694767000,34.8,5,34.7,42,34.8,13,1,2021-12-07 09:13:04
1638868386797654000,34.7,1,34.7,40,34.8,16,2,2021-12-07 09:13:06
1638868391122925000,34.7,1,34.7,42,34.8,23,2,2021-12-07 09:13:11
1638868394474018000,34.8,5,34.7,45,34.8,20,1,2021-12-07 09:13:14
1638868396710983000,34.7,4,34.7,41,34.8,20,2,2021-12-07 09:13:16
1638868398150295000,34.8,1,34.7,41,34.8,20,1,2021-12-07 09:13:18
1638868404176186000,34.75,6,34.65,11,34.8,22,2,2021-12-07 09:13:24
1638868404176186000,34.7,42,34.65,11,34.8,22,2,2021-12-07 09:13:24
1638868404176186000,34.65,2,34.65,11,34.8,22,2,2021-12-07 09:13:24
1638868404476981000,34.65,1,34.65,10,34.75,2,2,2021-12-07 09:13:24
1638868404486368000,34.65,1,34.65,9,34.75,2,2,2021-12-07 09:13:24
1638868405113991000,34.7,1,34.65,9,34.75,2,1,2021-12-07 09:13:25
1638868406020054000,34.7,1,34.65,9,34.75,2,1,2021-12-07 09:13:26
1638868407728831000,34.7,1,34.65,9,34.75,2,1,2021-12-07 09:13:27
1638868408093179000,34.65,1,34.65,8,34.75,2,2,2021-12-07 09:13:28
1638868409824971000,34.75,2,34.65,6,34.8,33,1,2021-12-07 09:13:29
1638868422072980000,34.7,1,34.65,8,34.75,22,2,2021-12-07 09:13:42
1638868422989094000,34.7,1,34.65,8,34.75,14,1,2021-12-07 09:13:42
1638868422989094000,34.75,8,34.65,8,34.75,14,1,2021-12-07 09:13:42
1638868427224259000,34.7,1,34.65,8,34.7,1,2,2021-12-07 09:13:47
1638868428761446000,34.65,7,34.65,1,34.7,2,2,2021-12-07 09:13:48
1638868428792030000,34.65,1,34.6,33,34.7,2,2,2021-12-07 09:13:48
1638868430171232000,34.7,2,34.65,5,34.75,11,1,2021-12-07 09:13:50
1638868430171232000,34.75,8,34.65,5,34.75,11,1,2021-12-07 09:13:50
1638868431556963000,34.65,10,34.6,13,34.75,14,2,2021-12-07 09:13:51
1638868431556963000,34.6,20,34.6,13,34.75,14,2,2021-12-07 09:13:51
1638868431953139000,34.6,2,34.6,11,34.7,1,2,2021-12-07 09:13:51
1638868434468294000,34.6,1,34.6,10,34.7,1,2,2021-12-07 09:13:54
1638868436840514000,34.6,2,34.6,8,34.65,1,2,2021-12-07 09:13:56
1638868438697647000,34.6,1,34.6,7,34.65,1,2,2021-12-07 09:13:58
1638868438749481000,34.6,1,34.6,6,34.65,1,2,2021-12-07 09:13:58
1638868439174358000,34.6,1,34.6,5,34.65,1,2,2021-12-07 09:13:59
1638868440005622000,34.6,5,34.55,20,34.65,2,2,2021-12-07 09:14:00
1638868440806035000,34.6,1,34.55,20,34.65,2,2,2021-12-07 09:14:00
1638868442066700000,34.65,2,34.55,19,34.7,3,1,2021-12-07 09:14:02
1638868444475546000,34.6,1,34.6,1,34.7,3,2,2021-12-07 09:14:04
1638868444509463000,34.6,1,34.55,19,34.7,3,2,2021-12-07 09:14:04
1638868444714631000,34.55,2,34.55,17,34.7,3,2,2021-12-07 09:14:04
1638868444833883000,34.55,3,34.55,14,34.7,3,2,2021-12-07 09:14:04
1638868448209386000,34.65,1,34.65,1,34.7,3,1,2021-12-07 09:14:08
1638868448237789000,34.65,1,34.55,14,34.7,3,2,2021-12-07 09:14:08
1638868448847430000,34.55,1,34.55,13,34.6,1,2,2021-12-07 09:14:08
1638868451712048000,34.55,4,34.55,9,34.6,1,2,2021-12-07 09:14:11
1638868451960517000,34.55,1,34.55,6,34.6,1,2,2021-12-07 09:14:11
1638868452796486000,34.55,5,34.55,1,34.6,1,2,2021-12-07 09:14:12
1638868454298769000,34.55,1,34.5,63,34.6,1,2,2021-12-07 09:14:14
1638868454895459000,34.5,1,34.5,62,34.6,2,2,2021-12-07 09:14:14
1638868454987913000,34.5,2,34.5,60,34.6,2,2,2021-12-07 09:14:14
1638868455054008000,34.5,3,34.5,57,34.6,2,2,2021-12-07 09:14:15
1638868455745310000,34.55,1,34.5,57,34.6,2,1,2021-12-07 09:14:15
1638868457658304000,34.5,2,34.5,54,34.6,2,2,2021-12-07 09:14:17
1638868461447931000,34.5,1,34.5,52,34.55,6,2,2021-12-07 09:14:21
1638868464547239000,34.5,3,34.5,51,34.55,10,2,2021-12-07 09:14:24
1638868465545478000,34.5,4,34.5,45,34.55,10,2,2021-12-07 09:14:25
1638868466275761000,34.5,2,34.5,43,34.55,10,2,2021-12-07 09:14:26
1638868466527744000,34.5,1,34.5,42,34.55,10,2,2021-12-07 09:14:26
1638868466562733000,34.5,6,34.5,36,34.55,10,2,2021-12-07 09:14:26
1638868466606264000,34.5,4,34.5,32,34.55,10,2,2021-12-07 09:14:26
1638868467121836000,34.5,1,34.5,31,34.55,10,2,2021-12-07 09:14:27
1638868467729368000,34.5,1,34.5,34,34.55,11,2,2021-12-07 09:14:27
1638868467860047000,34.5,1,34.5,33,34.55,11,2,2021-12-07 09:14:27
1638868468293545000,34.5,1,34.5,32,34.55,11,2,2021-12-07 09:14:28
1638868468428956000,34.5,2,34.5,30,34.55,11,2,2021-12-07 09:14:28
1638868468693335000,34.5,5,34.5,25,34.55,11,2,2021-12-07 09:14:28
1638868468734015000,34.5,23,34.5,2,34.55,11,2,2021-12-07 09:14:28
1638868468780845000,34.5,1,34.5,1,34.55,11,2,2021-12-07 09:14:28
1638868468808572000,34.5,1,34.45,12,34.55,11,2,2021-12-07 09:14:28
1638868469378302000,34.45,7,34.45,5,34.5,1,2,2021-12-07 09:14:29
1638868469415188000,34.45,1,34.45,4,34.5,1,2,2021-12-07 09:14:29
1638868469420049000,34.45,3,34.45,1,34.5,1,2,2021-12-07 09:14:29
1638868469699417000,34.5,2,34.45,1,34.55,8,1,2021-12-07 09:14:29
1638868469699417000,34.55,3,34.45,1,34.55,8,1,2021-12-07 09:14:29
1638868469927145000,34.45,1,34.3,3,34.55,8,2,2021-12-07 09:14:29
1638868469927145000,34.4,6,34.3,3,34.55,8,2,2021-12-07 09:14:29
1638868469927145000,34.35,13,34.3,3,34.55,8,2,2021-12-07 09:14:29
1638868476311791000,34.35,1,34.3,4,34.35,1,2,2021-12-07 09:14:36
1638868476696214000,34.3,2,34.3,2,34.35,1,2,2021-12-07 09:14:36
1638868477372092000,34.3,2,34.2,25,34.25,1,2,2021-12-07 09:14:37
1638868477372092000,34.25,2,34.2,25,34.25,1,2,2021-12-07 09:14:37
1638868477396392000,34.25,1,34.2,25,34.35,1,1,2021-12-07 09:14:37
1638868477562607000,34.35,1,34.2,25,34.45,1,1,2021-12-07 09:14:37
1638868479507130000,34.3,2,34.2,25,34.35,1,2,2021-12-07 09:14:39
1638868479687589000,34.2,1,34.2,24,34.35,1,2,2021-12-07 09:14:39
1638868479851399000,34.2,5,34.2,19,34.3,3,2,2021-12-07 09:14:39
1638868482149854000,34.2,1,34.2,18,34.3,3,2,2021-12-07 09:14:42
1638868482222576000,34.2,6,34.2,12,34.3,3,2,2021-12-07 09:14:42
1638868484658786000,34.2,8,34.2,4,34.3,3,2,2021-12-07 09:14:44
1638868484955625000,34.3,1,34.2,4,34.3,5,1,2021-12-07 09:14:44
1638868485633498000,34.2,1,34.2,3,34.25,2,2,2021-12-07 09:14:45
1638868485787295000,34.2,3,34.15,6,34.2,4,2,2021-12-07 09:14:45
1638868486575143000,34.15,4,34.15,2,34.2,9,2,2021-12-07 09:14:46
1638868489951720000,34.2,5,34.15,4,34.2,8,1,2021-12-07 09:14:49
1638868491490781000,34.15,1,34.15,5,34.2,9,2,2021-12-07 09:14:51
1638868493021651000,34.15,1,34.15,5,34.2,17,2,2021-12-07 09:14:53
1638868493773408000,34.15,1,34.15,6,34.2,16,2,2021-12-07 09:14:53
1638868495131665000,34.15,3,34.15,3,34.2,17,2,2021-12-07 09:14:55
1638868495501880000,34.15,2,34.15,1,34.2,17,2,2021-12-07 09:14:55
1638868495628058000,34.2,1,34.15,1,34.2,16,1,2021-12-07 09:14:55
1638868495823581000,34.15,1,34.1,7,34.2,16,2,2021-12-07 09:14:55
1638868496121292000,34.2,2,34.1,7,34.2,14,1,2021-12-07 09:14:56
1638868497573515000,34.15,1,34.1,8,34.2,15,2,2021-12-07 09:14:57
1638868497654823000,34.1,2,34.1,6,34.2,15,2,2021-12-07 09:14:57
1638868501680434000,34.1,1,34.1,5,34.15,4,2,2021-12-07 09:15:01
1638868501712209000,34.1,3,34.1,2,34.15,4,2,2021-12-07 09:15:01
1638868502096506000,34.1,2,34.05,5,34.1,17,2,2021-12-07 09:15:02
1638868502112971000,34.05,5,34.0,36,34.05,14,2,2021-12-07 09:15:02
1638868502318208000,34.05,3,34.0,36,34.05,25,1,2021-12-07 09:15:02
1638868503285829000,34.05,2,34.0,36,34.05,23,1,2021-12-07 09:15:03
1638868503463896000,34.05,5,34.0,36,34.05,18,1,2021-12-07 09:15:03
1638868503546174000,34.0,1,34.0,35,34.05,18,2,2021-12-07 09:15:03
1638868503558558000,34.05,1,34.0,35,34.05,17,1,2021-12-07 09:15:03
1638868503743942000,34.0,3,34.0,32,34.05,17,2,2021-12-07 09:15:03
1638868504837219000,34.0,4,34.0,28,34.05,17,2,2021-12-07 09:15:04
1638868506241927000,34.0,3,34.0,25,34.05,17,2,2021-12-07 09:15:06
1638868507409220000,34.05,2,34.0,25,34.05,15,1,2021-12-07 09:15:07
1638868507691742000,34.05,1,34.0,25,34.05,14,1,2021-12-07 09:15:07
1638868507972792000,34.05,1,34.0,25,34.05,14,1,2021-12-07 09:15:07
1638868508010180000,34.05,4,34.0,25,34.05,10,1,2021-12-07 09:15:08
1638868508235885000,34.0,1,34.0,24,34.05,11,2,2021-12-07 09:15:08
1638868508981166000,34.0,1,34.0,23,34.05,11,2,2021-12-07 09:15:08
1638868509003315000,34.0,5,34.0,18,34.05,11,2,2021-12-07 09:15:09
1638868509033945000,34.0,1,34.0,17,34.05,11,2,2021-12-07 09:15:09
1638868509264841000,34.05,2,34.0,17,34.05,9,1,2021-12-07 09:15:09
1638868509783393000,34.05,2,34.0,17,34.05,7,1,2021-12-07 09:15:09
1638868509814364000,34.05,7,34.0,17,34.1,31,1,2021-12-07 09:15:09
1638868510062887000,34.0,4,34.0,13,34.1,31,2,2021-12-07 09:15:10
1638868510584442000,34.1,31,34.05,10,34.15,5,1,2021-12-07 09:15:10
1638868510604107000,34.05,1,34.05,9,34.15,5,2,2021-12-07 09:15:10
1638868510614821000,34.15,5,34.05,9,34.2,11,1,2021-12-07 09:15:10
1638868510733232000,34.2,1,34.05,12,34.2,10,1,2021-12-07 09:15:10
1638868511182063000,34.05,1,34.05,14,34.2,10,2,2021-12-07 09:15:11
1638868512074925000,34.05,2,34.05,9,34.2,11,2,2021-12-07 09:15:12
1638868514300153000,34.2,6,34.05,20,34.2,5,1,2021-12-07 09:15:14
1638868514331381000,34.2,3,34.05,20,34.2,2,1,2021-12-07 09:15:14
1638868514519058000,34.2,2,34.05,20,34.3,4,1,2021-12-07 09:15:14
1638868515427849000,34.1,1,34.1,4,34.3,4,2,2021-12-07 09:15:15
1638868515758887000,34.1,1,34.1,3,34.3,4,2,2021-12-07 09:15:15
1638868516719350000,34.2,1,34.1,15,34.3,4,1,2021-12-07 09:15:16
1638868521694094000,34.2,1,34.15,10,34.3,4,1,2021-12-07 09:15:21
1638868526526574000,34.2,9,34.15,7,34.2,1,2,2021-12-07 09:15:26
1638868526558613000,34.2,1,34.15,4,34.3,3,1,2021-12-07 09:15:26
1638868526714119000,34.15,1,34.15,3,34.3,3,2,2021-12-07 09:15:26
1638868528981774000,34.2,2,34.15,1,34.3,3,1,2021-12-07 09:15:28
1638868528981774000,34.15,2,34.15,1,34.3,3,2,2021-12-07 09:15:28
1638868534088834000,34.2,1,34.2,4,34.3,4,1,2021-12-07 09:15:34
1638868536641641000,34.2,4,34.15,5,34.25,1,2,2021-12-07 09:15:36
1638868537848604000,34.25,1,34.25,1,34.3,6,1,2021-12-07 09:15:37
1638868538489005000,34.25,1,34.0,10,34.3,6,2,2021-12-07 09:15:38
1638868538489005000,34.2,5,34.0,10,34.3,6,2,2021-12-07 09:15:38
1638868538489005000,34.15,7,34.0,10,34.3,6,2,2021-12-07 09:15:38
1638868538489005000,34.1,9,34.0,10,34.3,6,2,2021-12-07 09:15:38
1638868538489005000,34.05,33,34.0,10,34.3,6,2,2021-12-07 09:15:38
1638868538489005000,34.0,15,34.0,10,34.3,6,2,2021-12-07 09:15:38
1638868538647250000,34.25,1,34.0,7,34.3,8,1,2021-12-07 09:15:38
1638868539626313000,34.25,2,34.05,1,34.3,8,2,2021-12-07 09:15:39
1638868542004249000,34.3,5,34.15,1,34.3,1,1,2021-12-07 09:15:42
1638868546377635000,34.3,1,34.15,1,34.45,12,1,2021-12-07 09:15:46
1638868547847051000,34.45,1,34.3,2,34.45,9,1,2021-12-07 09:15:47
1638868547861272000,34.3,2,34.15,5,34.3,1,2,2021-12-07 09:15:47
1638868549644351000,34.3,1,34.3,1,34.45,9,1,2021-12-07 09:15:49
1638868559141276000,34.35,1,34.3,19,34.45,11,1,2021-12-07 09:15:59
1638868566770082000,34.35,1,34.35,2,34.4,1,2,2021-12-07 09:16:06
1638868568256770000,34.35,2,34.3,26,34.4,1,2,2021-12-07 09:16:08
1638868569307006000,34.4,1,34.3,26,34.45,11,1,2021-12-07 09:16:09
1638868569655746000,34.35,1,34.3,26,34.35,1,2,2021-12-07 09:16:09
1638868570523213000,34.35,1,34.3,26,34.45,11,1,2021-12-07 09:16:10
1638868576164850000,34.35,2,34.35,1,34.4,2,2,2021-12-07 09:16:16
1638868577212711000,34.35,1,34.3,26,34.35,1,2,2021-12-07 09:16:17
1638868577687863000,34.35,1,34.3,26,34.4,2,1,2021-12-07 09:16:17
1638868578388181000,34.4,1,34.3,26,34.4,1,1,2021-12-07 09:16:18
1638868580865702000,34.4,1,34.3,26,34.4,11,1,2021-12-07 09:16:20
1638868581919532000,34.35,1,34.3,26,34.4,11,2,2021-12-07 09:16:21
1638868586965124000,34.35,1,34.35,7,34.4,12,2,2021-12-07 09:16:26
1638868592634149000,34.35,1,34.35,8,34.4,18,2,2021-12-07 09:16:32
1638868596152787000,34.35,1,34.35,7,34.4,18,2,2021-12-07 09:16:36
1638868596422040000,34.35,2,34.35,5,34.4,18,2,2021-12-07 09:16:36
1638868596452452000,34.35,5,34.3,25,34.4,18,2,2021-12-07 09:16:36
1638868597600172000,34.35,1,34.35,15,34.4,18,2,2021-12-07 09:16:37
1638868598223229000,34.35,5,34.35,11,34.4,18,2,2021-12-07 09:16:38
1638868598253598000,34.35,11,34.3,9,34.4,18,2,2021-12-07 09:16:38
1638868598325233000,34.3,9,34.2,1,34.4,19,2,2021-12-07 09:16:38
1638868598662982000,34.4,2,34.2,3,34.4,19,1,2021-12-07 09:16:38
1638868599487641000,34.35,2,34.35,8,34.4,19,2,2021-12-07 09:16:39
1638868599511669000,34.35,8,34.2,3,34.4,17,2,2021-12-07 09:16:39
1638868603379110000,34.2,1,34.2,2,34.35,10,2,2021-12-07 09:16:43
1638868603882088000,34.35,1,34.15,11,34.35,9,1,2021-12-07 09:16:43
1638868607598010000,34.2,1,34.15,8,34.35,9,2,2021-12-07 09:16:47
1638868616509526000,34.2,1,34.15,11,34.3,2,2,2021-12-07 09:16:56
1638868623633413000,34.2,1,34.15,9,34.2,2,1,2021-12-07 09:17:03
1638868626265301000,34.2,4,34.2,1,34.3,3,1,2021-12-07 09:17:06
1638868638951946000,34.2,2,34.2,8,34.3,6,2,2021-12-07 09:17:18
1638868639653435000,34.2,5,34.2,3,34.3,6,2,2021-12-07 09:17:19
1638868639687837000,34.2,1,34.2,2,34.3,6,2,2021-12-07 09:17:19
1638868643992259000,34.2,1,34.2,1,34.3,6,2,2021-12-07 09:17:23
1638868644016839000,34.2,1,34.15,8,34.3,6,2,2021-12-07 09:17:24
1638868652230932000,34.2,1,34.15,10,34.2,4,1,2021-12-07 09:17:32
1638868652270727000,34.15,1,34.15,9,34.2,4,2,2021-12-07 09:17:32
1638868652466014000,34.2,1,34.15,9,34.2,3,1,2021-12-07 09:17:32
1638868660125371000,34.2,1,34.15,34,34.2,12,1,2021-12-07 09:17:40
1638868667783371000,34.15,1,34.15,36,34.2,24,2,2021-12-07 09:17:47
1638868669586886000,34.2,1,34.15,36,34.2,23,1,2021-12-07 09:17:49
1638868669639226000,34.15,2,34.15,34,34.2,23,2,2021-12-07 09:17:49
1638868670618000000,34.2,2,34.15,34,34.2,21,1,2021-12-07 09:17:50
1638868671488163000,34.15,1,34.15,33,34.2,21,2,2021-12-07 09:17:51
1638868686996969000,34.15,20,34.15,18,34.2,25,2,2021-12-07 09:18:06
1638868687647436000,34.2,1,34.15,18,34.2,24,1,2021-12-07 09:18:07
1638868688257193000,34.15,1,34.15,17,34.2,24,2,2021-12-07 09:18:08
1638868690569470000,34.15,1,34.15,16,34.2,24,2,2021-12-07 09:18:10
1638868691161184000,34.15,2,34.15,14,34.2,25,2,2021-12-07 09:18:11
1638868692248580000,34.15,1,34.15,11,34.2,25,2,2021-12-07 09:18:12
1638868693397219000,34.15,2,34.15,9,34.2,26,2,2021-12-07 09:18:13
1638868694321978000,34.15,1,34.15,8,34.2,26,2,2021-12-07 09:18:14
1638868696053244000,34.15,5,34.15,6,34.2,26,2,2021-12-07 09:18:16
1638868701356226000,34.2,1,34.15,7,34.2,29,1,2021-12-07 09:18:21
1638868705442798000,34.2,2,34.15,7,34.2,27,1,2021-12-07 09:18:25
1638868706373669000,34.15,1,34.15,7,34.2,27,2,2021-12-07 09:18:26
1638868707922612000,34.15,2,34.15,6,34.2,27,2,2021-12-07 09:18:27
1638868708702675000,34.2,5,34.15,7,34.2,21,1,2021-12-07 09:18:28
1638868708738398000,34.2,12,34.15,7,34.2,9,1,2021-12-07 09:18:28
1638868708780782000,34.2,9,34.15,7,34.3,13,1,2021-12-07 09:18:28
1638868716003372000,34.25,1,34.15,14,34.2,3,1,2021-12-07 09:18:36
1638868716003372000,34.2,5,34.15,14,34.2,3,2,2021-12-07 09:18:36
1638868716031956000,34.2,3,34.15,12,34.3,13,1,2021-12-07 09:18:36
1638868716527886000,34.3,13,34.25,20,34.35,4,1,2021-12-07 09:18:36
1638868716814324000,34.25,5,34.25,15,34.35,2,2,2021-12-07 09:18:36
1638868720843448000,34.35,1,34.25,15,34.35,1,1,2021-12-07 09:18:40
1638868723793018000,34.35,1,34.25,19,34.4,18,1,2021-12-07 09:18:43
1638868725824636000,34.4,12,34.35,1,34.4,6,1,2021-12-07 09:18:45
1638868725864176000,34.4,6,34.35,1,34.45,9,1,2021-12-07 09:18:45
1638868734414638000,34.4,2,34.4,4,34.45,6,2,2021-12-07 09:18:54
1638868736222491000,34.4,1,34.4,3,34.45,6,2,2021-12-07 09:18:56
1638868737345423000,34.4,1,34.4,2,34.45,7,2,2021-12-07 09:18:57
1638868740399916000,34.45,2,34.4,13,34.45,5,1,2021-12-07 09:19:00
1638868741539359000,34.45,5,34.45,1,34.5,12,1,2021-12-07 09:19:01
1638868747347477000,34.5,1,34.45,2,34.5,10,1,2021-12-07 09:19:07
1638868751206793000,34.45,2,34.45,3,34.5,10,2,2021-12-07 09:19:11
1638868753768559000,34.45,1,34.45,2,34.5,10,2,2021-12-07 09:19:13
1638868754770178000,34.5,2,34.45,2,34.5,8,1,2021-12-07 09:19:14
1638868757479580000,34.5,1,34.45,2,34.5,7,1,2021-12-07 09:19:17
1638868760018200000,34.5,2,34.45,2,34.5,5,1,2021-12-07 09:19:20
1638868763087445000,34.5,1,34.45,2,34.5,4,1,2021-12-07 09:19:23
1638868768674769000,34.45,3,34.4,3,34.5,4,2,2021-12-07 09:19:28
1638868768674769000,34.4,7,34.4,3,34.5,4,2,2021-12-07 09:19:28
1638868769656484000,34.4,3,34.3,10,34.5,3,2,2021-12-07 09:19:29
1638868769656514000,34.5,3,34.3,10,34.5,3,1,2021-12-07 09:19:29
1638868769712625000,34.5,1,34.3,12,34.5,2,1,2021-12-07 09:19:29
1638868770722016000,34.45,1,34.3,12,34.5,2,2,2021-12-07 09:19:30
1638868770753490000,34.5,2,34.5,2,34.55,17,1,2021-12-07 09:19:30
1638868770783351000,34.5,2,34.3,12,34.55,17,2,2021-12-07 09:19:30
1638868772452292000,34.5,1,34.3,12,34.5,3,1,2021-12-07 09:19:32
1638868774874080000,34.5,3,34.5,7,34.55,17,1,2021-12-07 09:19:34
1638868774904863000,34.5,7,34.3,12,34.55,17,2,2021-12-07 09:19:34
1638868781170415000,34.5,1,34.35,4,34.5,5,1,2021-12-07 09:19:41
1638868785902763000,34.5,1,34.35,4,34.5,8,1,2021-12-07 09:19:45
1638868787116893000,34.5,1,34.35,4,34.5,7,1,2021-12-07 09:19:47
1638868793432227000,34.35,1,34.35,3,34.5,7,2,2021-12-07 09:19:53
1638868804852859000,34.45,1,34.35,2,34.5,17,1,2021-12-07 09:20:04
1638868804852859000,34.5,1,34.35,2,34.5,17,1,2021-12-07 09:20:04
1638868805211738000,34.35,2,34.3,6,34.45,8,2,2021-12-07 09:20:05
1638868805211738000,34.3,6,34.3,6,34.45,8,2,2021-12-07 09:20:05
1638868805258476000,34.3,4,34.25,3,34.3,6,2,2021-12-07 09:20:05
1638868806663593000,34.3,2,34.25,1,34.3,4,1,2021-12-07 09:20:06
1638868810883954000,34.3,1,34.25,1,34.3,3,1,2021-12-07 09:20:10
1638868815235570000,34.25,2,34.25,2,34.3,3,2,2021-12-07 09:20:15
1638868824200723000,34.25,1,34.25,2,34.3,3,2,2021-12-07 09:20:24
1638868839472169000,34.25,3,34.25,3,34.3,3,2,2021-12-07 09:20:39
1638868843444044000,34.25,2,34.25,1,34.3,3,2,2021-12-07 09:20:43
1638868843703821000,34.25,1,34.2,9,34.3,3,2,2021-12-07 09:20:43
1638868852654706000,34.3,3,34.3,2,34.35,3,1,2021-12-07 09:20:52
1638868853454465000,34.3,1,34.3,1,34.35,3,2,2021-12-07 09:20:53
1638868853485523000,34.3,1,34.25,8,34.35,3,2,2021-12-07 09:20:53
1638868859182336000,34.25,2,34.25,8,34.3,1,2,2021-12-07 09:20:59
1638868865860524000,34.3,1,34.25,13,34.3,3,1,2021-12-07 09:21:05
1638868866129965000,34.25,8,34.25,5,34.3,3,2,2021-12-07 09:21:06
1638868866165450000,34.25,5,34.2,4,34.3,3,2,2021-12-07 09:21:06
1638868866165450000,34.2,3,34.2,4,34.3,3,2,2021-12-07 09:21:06
1638868866242692000,34.2,4,34.15,11,34.2,4,2,2021-12-07 09:21:06
1638868868685565000,34.2,1,34.15,13,34.2,3,1,2021-12-07 09:21:08
1638868869763825000,34.2,2,34.15,13,34.2,1,1,2021-12-07 09:21:09
1638868869797593000,34.2,1,34.15,13,34.3,5,1,2021-12-07 09:21:09
1638868878972955000,34.2,2,34.15,12,34.2,1,1,2021-12-07 09:21:18
1638868880260957000,34.2,1,34.15,12,34.2,1,1,2021-12-07 09:21:20
1638868882974088000,34.15,2,34.15,10,34.2,1,2,2021-12-07 09:21:22
1638868883344669000,34.2,1,34.15,10,34.25,5,1,2021-12-07 09:21:23
1638868887726888000,34.2,1,34.15,10,34.25,6,2,2021-12-07 09:21:27
1638868892616252000,34.15,10,34.15,1,34.2,2,2,2021-12-07 09:21:32
1638868892874419000,34.15,1,34.1,23,34.2,2,2,2021-12-07 09:21:32
1638868893399085000,34.2,2,34.2,3,34.25,2,1,2021-12-07 09:21:33
1638868893427019000,34.2,3,34.1,23,34.25,2,2,2021-12-07 09:21:33
1638868893777122000,34.2,10,34.1,23,34.25,4,2,2021-12-07 09:21:33
1638868901406550000,34.1,1,34.1,22,34.2,2,2,2021-12-07 09:21:41
1638868906323692000,34.1,1,34.1,22,34.2,1,2,2021-12-07 09:21:46
1638868915406366000,34.1,1,34.1,22,34.2,2,2,2021-12-07 09:21:55
1638868917277551000,34.1,3,34.1,19,34.2,2,2,2021-12-07 09:21:57
1638868921288945000,34.15,1,34.1,13,34.2,4,1,2021-12-07 09:22:01
1638868921288945000,34.1,6,34.1,13,34.2,4,2,2021-12-07 09:22:01
1638868924277819000,34.1,4,34.1,9,34.2,5,2,2021-12-07 09:22:04
1638868931034797000,34.2,1,34.1,11,34.2,5,1,2021-12-07 09:22:11
1638868934710859000,34.1,2,34.1,10,34.2,15,2,2021-12-07 09:22:14
1638868941700278000,34.1,13,34.0,21,34.2,16,2,2021-12-07 09:22:21
1638868941700278000,34.05,34,34.0,21,34.2,16,2,2021-12-07 09:22:21
1638868941700278000,34.0,53,34.0,21,34.2,16,2,2021-12-07 09:22:21
1638868941741140000,34.0,1,34.0,20,34.2,16,2,2021-12-07 09:22:21
1638868945518592000,34.1,1,34.0,20,34.1,13,1,2021-12-07 09:22:25
1638868945809697000,34.0,1,34.0,19,34.1,13,2,2021-12-07 09:22:25
1638868946966163000,34.05,1,34.0,19,34.1,13,1,2021-12-07 09:22:26
1638868947572470000,34.0,5,34.0,15,34.1,15,2,2021-12-07 09:22:27
1638868948598247000,34.1,1,34.0,15,34.1,14,1,2021-12-07 09:22:28
1638868949292832000,34.0,1,34.0,14,34.1,14,2,2021-12-07 09:22:29
1638868949536865000,34.0,5,34.0,9,34.1,14,2,2021-12-07 09:22:29
1638868949567080000,34.0,1,33.95,5,34.1,14,2,2021-12-07 09:22:29
1638868949567276000,34.0,8,33.95,5,34.1,14,2,2021-12-07 09:22:29
1638868950545808000,34.0,1,33.95,5,34.1,14,2,2021-12-07 09:22:30
1638868951162798000,33.95,5,33.9,13,34.1,29,2,2021-12-07 09:22:31
1638868951276532000,34.0,5,33.9,13,34.1,29,1,2021-12-07 09:22:31
1638868954225383000,33.95,1,33.9,8,34.05,1,2,2021-12-07 09:22:34
1638868954225383000,33.9,4,33.9,8,34.05,1,2,2021-12-07 09:22:34
1638868957304263000,33.9,5,33.9,3,34.0,5,2,2021-12-07 09:22:37
1638868957341231000,33.9,3,33.85,7,34.0,5,2,2021-12-07 09:22:37
1638868957422486000,33.85,2,33.85,5,34.0,5,2,2021-12-07 09:22:37
1638868958705209000,33.85,1,33.85,4,34.0,5,2,2021-12-07 09:22:38
1638868960230554000,33.85,5,33.85,4,33.9,6,2,2021-12-07 09:22:40
1638868962031393000,33.85,2,33.85,2,33.9,6,2,2021-12-07 09:22:42
1638868962902850000,33.85,1,33.85,2,33.9,6,2,2021-12-07 09:22:42
1638868963476207000,33.9,1,33.85,2,33.9,5,1,2021-12-07 09:22:43
1638868963629254000,33.85,2,33.8,21,33.9,5,2,2021-12-07 09:22:43
1638868963629254000,33.8,3,33.8,21,33.9,5,2,2021-12-07 09:22:43
1638868964175090000,33.8,2,33.8,19,33.9,7,2,2021-12-07 09:22:44
1638868964799042000,33.9,2,33.8,19,33.9,5,1,2021-12-07 09:22:44
1638868966707912000,33.8,5,33.8,14,33.85,4,2,2021-12-07 09:22:46
1638868966973974000,33.8,1,33.8,13,33.85,4,2,2021-12-07 09:22:46
1638868967258903000,33.8,2,33.8,11,33.85,4,2,2021-12-07 09:22:47
1638868967287457000,33.8,8,33.8,3,33.85,4,2,2021-12-07 09:22:47
1638868967985727000,33.85,1,33.8,3,33.85,3,1,2021-12-07 09:22:47
1638868968088032000,33.85,1,33.8,3,33.85,2,1,2021-12-07 09:22:48
1638868969383853000,33.8,1,33.8,2,33.85,2,2,2021-12-07 09:22:49
1638868969953553000,33.8,2,33.7,13,33.85,2,2,2021-12-07 09:22:49
1638868969953553000,33.75,3,33.7,13,33.85,2,2,2021-12-07 09:22:49
1638868970877515000,33.7,2,33.7,11,33.8,1,2,2021-12-07 09:22:50
1638868971271945000,33.8,1,33.75,5,33.85,2,1,2021-12-07 09:22:51
1638868972880406000,33.75,5,33.7,11,33.85,2,2,2021-12-07 09:22:52
1638868974776678000,33.7,10,33.7,1,33.8,1,2,2021-12-07 09:22:54
1638868974998346000,33.7,1,33.6,20,33.8,1,2,2021-12-07 09:22:54
1638868974998346000,33.65,2,33.6,20,33.8,1,2,2021-12-07 09:22:54
1638868976158537000,33.6,5,33.6,15,33.8,20,2,2021-12-07 09:22:56
1638868976389910000,33.6,5,33.6,10,33.8,20,2,2021-12-07 09:22:56
1638868977693465000,33.8,1,33.6,10,33.8,19,1,2021-12-07 09:22:57
1638868979126024000,33.7,5,33.65,3,33.75,4,2,2021-12-07 09:22:59
1638868979527927000,33.75,1,33.65,3,33.75,3,1,2021-12-07 09:22:59
1638868981547186000,33.7,2,33.65,1,33.75,3,2,2021-12-07 09:23:01
1638868982013895000,33.75,3,33.65,3,33.8,11,1,2021-12-07 09:23:02
1638868982013895000,33.8,12,33.65,3,33.8,11,1,2021-12-07 09:23:02
1638868982044523000,33.65,3,33.6,4,33.8,11,2,2021-12-07 09:23:02
1638868982044523000,33.6,2,33.6,4,33.8,11,2,2021-12-07 09:23:02
1638868982056890000,33.6,4,33.55,7,33.8,11,2,2021-12-07 09:23:02
1638868982056890000,33.55,11,33.55,7,33.8,11,2,2021-12-07 09:23:02
1638868982592933000,33.65,2,33.65,4,33.75,1,1,2021-12-07 09:23:02
1638868984007329000,33.75,1,33.65,3,33.8,9,1,2021-12-07 09:23:04
1638868985210422000,33.75,4,33.65,7,33.8,10,2,2021-12-07 09:23:05
1638868985210422000,33.65,1,33.65,7,33.8,10,2,2021-12-07 09:23:05
1638868986266629000,33.75,1,33.65,8,33.75,4,1,2021-12-07 09:23:06
1638868986287460000,33.75,1,33.65,8,33.75,3,1,2021-12-07 09:23:06
1638868986307500000,33.75,3,33.65,8,33.8,10,1,2021-12-07 09:23:06
1638868987908834000,33.75,1,33.65,8,33.8,9,1,2021-12-07 09:23:07
1638868987908834000,33.8,1,33.65,8,33.8,9,1,2021-12-07 09:23:07
1638868988489067000,33.65,5,33.65,5,33.8,9,2,2021-12-07 09:23:08
1638868989258304000,33.75,1,33.65,6,33.8,11,1,2021-12-07 09:23:09
1638868990465091000,33.75,1,33.65,19,33.8,11,1,2021-12-07 09:23:10
1638868990618859000,33.65,1,33.65,18,33.8,11,2,2021-12-07 09:23:10
1638868990747581000,33.75,1,33.65,19,33.8,11,1,2021-12-07 09:23:10
1638868991743613000,33.65,5,33.65,14,33.8,11,2,2021-12-07 09:23:11
1638868993338062000,33.8,1,33.75,1,33.8,10,1,2021-12-07 09:23:13
1638868993672256000,33.8,3,33.75,1,33.8,7,1,2021-12-07 09:23:13
1638868993722707000,33.8,1,33.75,1,33.8,6,1,2021-12-07 09:23:13
1638868994278857000,33.75,1,33.75,1,33.8,14,2,2021-12-07 09:23:14
1638868994574917000,33.75,1,33.65,9,33.8,14,2,2021-12-07 09:23:14
1638868994574917000,33.7,4,33.65,9,33.8,14,2,2021-12-07 09:23:14
1638868996519940000,33.65,1,33.65,10,33.8,15,2,2021-12-07 09:23:16
1638868997429468000,33.65,5,33.65,3,33.8,15,2,2021-12-07 09:23:17
1638868997845058000,33.65,3,33.6,13,33.75,5,2,2021-12-07 09:23:17
1638868997845058000,33.6,7,33.6,13,33.75,5,2,2021-12-07 09:23:17
1638868999241474000,33.75,5,33.6,14,33.75,3,1,2021-12-07 09:23:19
1638868999823836000,33.75,2,33.7,2,33.75,1,1,2021-12-07 09:23:19
1638868999851905000,33.75,1,33.7,2,33.8,15,1,2021-12-07 09:23:19
1638869000291482000,33.7,2,33.6,12,33.8,15,2,2021-12-07 09:23:20
1638869000291482000,33.6,3,33.6,12,33.8,15,2,2021-12-07 09:23:20
1638869001010095000,33.75,1,33.6,12,33.75,2,1,2021-12-07 09:23:21
1638869001218378000,33.6,2,33.6,10,33.75,2,2,2021-12-07 09:23:21
1638869003201944000,33.65,3,33.6,8,33.75,7,1,2021-12-07 09:23:23
1638869003201944000,33.6,2,33.6,8,33.75,7,2,2021-12-07 09:23:23
1638869003214921000,33.6,1,33.6,7,33.75,7,2,2021-12-07 09:23:23
1638869003440803000,33.6,8,33.55,8,33.6,2,2,2021-12-07 09:23:23
1638869003464713000,33.6,2,33.55,8,33.75,7,1,2021-12-07 09:23:23
1638869006560533000,33.65,5,33.65,4,33.75,9,1,2021-12-07 09:23:26
1638869006625774000,33.65,4,33.55,11,33.6,2,2,2021-12-07 09:23:26
1638869006625774000,33.6,4,33.55,11,33.6,2,2,2021-12-07 09:23:26
1638869006646921000,33.6,2,33.55,9,33.75,9,1,2021-12-07 09:23:26
1638869006689642000,33.7,1,33.55,9,33.75,9,1,2021-12-07 09:23:26
1638869007031983000,33.55,2,33.55,11,33.75,9,2,2021-12-07 09:23:27
1638869009109247000,33.6,2,33.6,7,33.7,3,1,2021-12-07 09:23:29
1638869009391018000,33.6,5,33.6,2,33.7,3,2,2021-12-07 09:23:29
1638869011638000000,33.7,1,33.6,5,33.7,2,1,2021-12-07 09:23:31
1638869012078007000,33.6,5,33.55,21,33.7,2,2,2021-12-07 09:23:32
1638869014279446000,33.7,1,33.6,1,33.7,2,1,2021-12-07 09:23:34
1638869014836441000,33.6,1,33.55,20,33.7,2,2,2021-12-07 09:23:34
1638869014836441000,33.55,4,33.55,20,33.7,2,2,2021-12-07 09:23:34
1638869015556609000,33.7,1,33.55,22,33.7,3,1,2021-12-07 09:23:35
1638869015700023000,33.55,15,33.55,7,33.7,3,2,2021-12-07 09:23:35
1638869015880418000,33.7,3,33.7,17,33.75,10,1,2021-12-07 09:23:35
1638869017164603000,33.7,1,33.7,16,33.75,10,2,2021-12-07 09:23:37
1638869017839368000,33.7,2,33.7,14,33.75,10,2,2021-12-07 09:23:37
1638869018467341000,33.7,5,33.7,9,33.75,8,2,2021-12-07 09:23:38
1638869019629599000,33.7,1,33.7,8,33.75,8,2,2021-12-07 09:23:39
1638869021097763000,33.7,5,33.7,3,33.75,8,2,2021-12-07 09:23:41
1638869022208378000,33.75,1,33.7,3,33.75,7,1,2021-12-07 09:23:42
1638869023063075000,33.7,5,33.6,15,33.7,15,2,2021-12-07 09:23:43
1638869023656911000,33.6,5,33.6,10,33.7,15,2,2021-12-07 09:23:43
1638869024682867000,33.7,1,33.65,5,33.7,15,1,2021-12-07 09:23:44
1638869026431500000,33.65,5,33.65,2,33.7,15,2,2021-12-07 09:23:46
1638869026660514000,33.7,1,33.65,2,33.7,14,1,2021-12-07 09:23:46
1638869027701604000,33.65,3,33.6,9,33.7,14,2,2021-12-07 09:23:47
1638869027701604000,33.6,2,33.6,9,33.7,14,2,2021-12-07 09:23:47
1638869027856668000,33.7,1,33.6,9,33.7,13,1,2021-12-07 09:23:47
1638869027961185000,33.6,6,33.6,3,33.65,1,2,2021-12-07 09:23:47
1638869028445798000,33.65,1,33.6,4,33.65,2,1,2021-12-07 09:23:48
1638869028540219000,33.65,2,33.6,4,33.7,13,1,2021-12-07 09:23:48
1638869030134077000,33.65,4,33.6,5,33.7,13,2,2021-12-07 09:23:50
1638869030134077000,33.6,1,33.6,5,33.7,13,2,2021-12-07 09:23:50
1638869031758463000,33.65,1,33.6,6,33.65,1,1,2021-12-07 09:23:51
1638869032732385000,33.6,5,33.6,2,33.65,4,2,2021-12-07 09:23:52
1638869034007455000,33.6,1,33.6,5,33.65,4,2,2021-12-07 09:23:54
1638869035637204000,33.6,5,33.55,16,33.65,9,2,2021-12-07 09:23:55
1638869035750070000,33.65,1,33.55,14,33.65,8,1,2021-12-07 09:23:55
1638869036537589000,33.65,1,33.55,14,33.65,7,1,2021-12-07 09:23:56
1638869036578364000,33.65,1,33.55,14,33.65,6,1,2021-12-07 09:23:56
1638869037149682000,33.65,1,33.55,14,33.65,5,1,2021-12-07 09:23:57
1638869038609400000,33.6,2,33.55,11,33.65,6,2,2021-12-07 09:23:58
1638869038609400000,33.55,3,33.55,11,33.65,6,2,2021-12-07 09:23:58
1638869039236122000,33.6,1,33.6,2,33.65,6,1,2021-12-07 09:23:59
1638869040263781000,33.65,1,33.6,2,33.65,5,1,2021-12-07 09:24:00
1638869042679836000,33.6,5,33.6,1,33.65,5,2,2021-12-07 09:24:02
1638869043071641000,33.65,5,33.65,5,33.7,16,1,2021-12-07 09:24:03
1638869045486080000,33.65,5,33.6,3,33.7,19,2,2021-12-07 09:24:05
1638869046191196000,33.6,4,33.55,21,33.65,2,2,2021-12-07 09:24:06
1638869046191196000,33.55,2,33.55,21,33.65,2,2,2021-12-07 09:24:06
1638869046994957000,33.6,1,33.55,21,33.65,5,1,2021-12-07 09:24:06
1638869048037287000,33.6,3,33.55,19,33.65,6,2,2021-12-07 09:24:08
1638869048037287000,33.55,2,33.55,19,33.65,6,2,2021-12-07 09:24:08
1638869049219357000,33.65,1,33.55,19,33.65,5,1,2021-12-07 09:24:09
1638869049412511000,33.65,3,33.55,19,33.65,2,1,2021-12-07 09:24:09
1638869050580278000,33.6,1,33.55,15,33.65,5,2,2021-12-07 09:24:10
1638869050580278000,33.55,4,33.55,15,33.65,5,2,2021-12-07 09:24:10
1638869050922440000,33.65,2,33.55,15,33.65,3,1,2021-12-07 09:24:10
1638869052942720000,33.6,1,33.55,16,33.65,3,2,2021-12-07 09:24:12
1638869053410724000,33.55,5,33.55,11,33.65,3,2,2021-12-07 09:24:13
1638869054182993000,33.65,1,33.6,3,33.65,4,1,2021-12-07 09:24:14
1638869055033974000,33.65,2,33.6,5,33.7,18,1,2021-12-07 09:24:15
1638869055033974000,33.7,3,33.6,5,33.7,18,1,2021-12-07 09:24:15
1638869056241154000,33.6,5,33.6,6,33.7,18,2,2021-12-07 09:24:16
1638869058748590000,33.6,1,33.6,9,33.7,18,2,2021-12-07 09:24:18
1638869058760321000,33.6,5,33.6,4,33.7,18,2,2021-12-07 09:24:18
1638869063293931000,33.65,3,33.6,17,33.7,18,1,2021-12-07 09:24:23
1638869063293931000,33.6,2,33.6,17,33.7,18,2,2021-12-07 09:24:23
1638869063327026000,33.6,15,33.6,2,33.7,18,2,2021-12-07 09:24:23
1638869064581485000,33.6,1,33.6,1,33.7,20,2,2021-12-07 09:24:24
1638869066204304000,33.6,3,33.55,9,33.7,20,2,2021-12-07 09:24:26
1638869066204304000,33.55,2,33.55,9,33.7,20,2,2021-12-07 09:24:26
1638869069007816000,33.65,2,33.6,16,33.7,22,1,2021-12-07 09:24:29
1638869069025994000,33.6,1,33.6,15,33.7,22,2,2021-12-07 09:24:29
1638869070101819000,33.7,10,33.6,17,33.7,12,1,2021-12-07 09:24:30
1638869070133928000,33.7,3,33.6,17,33.7,7,1,2021-12-07 09:24:30
1638869070723893000,33.7,6,33.65,2,33.7,1,1,2021-12-07 09:24:30
1638869070755291000,33.7,1,33.65,2,33.75,9,1,2021-12-07 09:24:30
1638869072146306000,33.65,1,33.65,5,33.75,9,2,2021-12-07 09:24:32
1638869075000487000,33.65,2,33.65,3,33.75,9,2,2021-12-07 09:24:35
1638869079096295000,33.65,1,33.6,23,33.7,1,2,2021-12-07 09:24:39
1638869079101963000,33.7,1,33.6,23,33.75,10,1,2021-12-07 09:24:39
1638869084056447000,33.65,4,33.6,23,33.75,10,2,2021-12-07 09:24:44
1638869084056447000,33.6,1,33.6,23,33.75,10,2,2021-12-07 09:24:44
1638869089136123000,33.7,1,33.65,3,33.75,14,1,2021-12-07 09:24:49
1638869093699738000,33.7,1,33.65,6,33.7,3,1,2021-12-07 09:24:53
1638869096454355000,33.7,2,33.65,6,33.7,1,1,2021-12-07 09:24:56
1638869096490301000,33.7,1,33.65,6,33.75,14,1,2021-12-07 09:24:56
1638869098668223000,33.7,2,33.7,2,33.75,14,2,2021-12-07 09:24:58
1638869101610723000,33.7,3,33.65,8,33.7,12,2,2021-12-07 09:25:01
1638869103227176000,33.65,1,33.65,7,33.7,12,2,2021-12-07 09:25:03
1638869106991291000,33.7,2,33.65,11,33.7,10,1,2021-12-07 09:25:06
1638869108890987000,33.7,1,33.65,11,33.7,9,1,2021-12-07 09:25:08
1638869109551548000,33.7,9,33.7,11,33.75,14,1,2021-12-07 09:25:09
1638869111077491000,33.7,2,33.7,9,33.75,14,2,2021-12-07 09:25:11
1638869112738278000,33.7,1,33.7,11,33.75,14,2,2021-12-07 09:25:12
1638869115083171000,33.7,2,33.7,10,33.75,18,2,2021-12-07 09:25:15
1638869115487636000,33.75,1,33.7,10,33.75,17,1,2021-12-07 09:25:15
1638869122906076000,33.7,1,33.7,47,33.75,17,2,2021-12-07 09:25:22
1638869123071859000,33.75,2,33.7,47,33.75,15,1,2021-12-07 09:25:23
1638869123102884000,33.75,3,33.7,47,33.75,12,1,2021-12-07 09:25:23
1638869123135233000,33.75,12,33.7,47,33.8,23,1,2021-12-07 09:25:23
1638869124153633000,33.75,3,33.7,46,33.8,23,2,2021-12-07 09:25:24
1638869124153633000,33.7,1,33.7,46,33.8,23,2,2021-12-07 09:25:24
1638869124623323000,33.7,2,33.7,44,33.8,23,2,2021-12-07 09:25:24
1638869126188893000,33.8,1,33.75,5,33.8,22,1,2021-12-07 09:25:26
1638869132773778000,33.8,10,33.75,26,33.8,12,1,2021-12-07 09:25:32
1638869132804815000,33.8,12,33.75,26,33.85,1,1,2021-12-07 09:25:32
1638869133550317000,33.8,1,33.75,26,33.85,1,1,2021-12-07 09:25:33
1638869134607079000,33.85,3,33.8,53,33.9,10,1,2021-12-07 09:25:34
1638869139457332000,33.9,1,33.85,2,33.9,8,1,2021-12-07 09:25:39
1638869140773161000,33.9,5,33.85,3,33.9,3,1,2021-12-07 09:25:40
1638869140802579000,33.9,3,33.85,3,33.95,7,1,2021-12-07 09:25:40
1638869142545494000,33.85,2,33.85,1,33.95,7,2,2021-12-07 09:25:42
1638869142710800000,33.85,1,33.8,54,33.95,7,2,2021-12-07 09:25:42
1638869142710800000,33.8,1,33.8,54,33.95,7,2,2021-12-07 09:25:42
1638869143383547000,33.8,1,33.8,53,33.95,9,2,2021-12-07 09:25:43
1638869143874239000,33.9,3,33.8,53,33.95,9,1,2021-12-07 09:25:43
1638869144778358000,33.9,1,33.8,53,33.95,7,2,2021-12-07 09:25:44
1638869148164911000,33.9,1,33.85,7,33.9,6,1,2021-12-07 09:25:48
1638869149187204000,33.85,1,33.85,6,33.9,6,2,2021-12-07 09:25:49
1638869149797843000,33.9,6,33.9,14,33.95,7,1,2021-12-07 09:25:49
1638869153163177000,33.95,2,33.9,15,33.95,5,1,2021-12-07 09:25:53
1638869153622606000,33.95,3,33.9,15,33.95,2,1,2021-12-07 09:25:53
1638869153757571000,33.9,3,33.9,12,33.95,2,2,2021-12-07 09:25:53
1638869154019963000,33.95,1,33.9,12,33.95,1,1,2021-12-07 09:25:54
1638869157600582000,33.95,1,33.9,26,34.0,5,1,2021-12-07 09:25:57
1638869157600582000,34.0,4,33.9,26,34.0,5,1,2021-12-07 09:25:57
1638869163923165000,34.0,1,33.95,3,34.0,3,1,2021-12-07 09:26:03
1638869164720527000,34.0,1,33.95,3,34.0,2,1,2021-12-07 09:26:04
1638869166205117000,34.0,2,33.95,4,34.05,4,1,2021-12-07 09:26:06
1638869166205117000,34.05,2,33.95,4,34.05,4,1,2021-12-07 09:26:06
1638869167384273000,34.0,3,33.95,4,34.05,4,2,2021-12-07 09:26:07
1638869170866050000,34.05,5,34.05,5,34.1,4,1,2021-12-07 09:26:10
1638869173385259000,34.05,5,34.0,19,34.1,4,2,2021-12-07 09:26:13
1638869177502756000,34.05,1,34.0,24,34.1,4,2,2021-12-07 09:26:17
1638869185795992000,34.1,4,34.1,1,34.15,5,1,2021-12-07 09:26:25
1638869187615108000,34.1,1,34.05,8,34.15,5,2,2021-12-07 09:26:27
1638869188006629000,34.15,1,34.05,8,34.15,6,1,2021-12-07 09:26:28
1638869190734633000,34.1,1,34.05,19,34.15,6,2,2021-12-07 09:26:30
1638869192920247000,34.1,1,34.05,21,34.15,6,1,2021-12-07 09:26:32
1638869195513132000,34.15,1,34.05,22,34.15,5,1,2021-12-07 09:26:35
1638869196725786000,34.1,1,34.05,22,34.15,3,2,2021-12-07 09:26:36
1638869200550350000,34.1,1,34.1,2,34.15,3,2,2021-12-07 09:26:40
1638869201857874000,34.1,2,34.05,22,34.15,3,2,2021-12-07 09:26:41
1638869204198029000,34.1,1,34.1,1,34.15,5,1,2021-12-07 09:26:44
1638869204232183000,34.1,1,34.05,22,34.15,3,2,2021-12-07 09:26:44
1638869205297402000,34.1,1,34.05,22,34.1,1,1,2021-12-07 09:26:45
1638869206782046000,34.1,1,34.05,24,34.15,4,1,2021-12-07 09:26:46
1638869209436273000,34.1,1,34.05,23,34.1,4,1,2021-12-07 09:26:49
1638869210422152000,34.1,1,34.05,23,34.1,3,1,2021-12-07 09:26:50
1638869213760243000,34.1,1,34.05,23,34.1,4,1,2021-12-07 09:26:53
1638869214806605000,34.05,21,34.05,2,34.1,7,2,2021-12-07 09:26:54
1638869214837211000,34.05,2,34.0,35,34.1,9,2,2021-12-07 09:26:54
1638869216122504000,34.1,1,34.0,35,34.1,8,1,2021-12-07 09:26:56
1638869216616566000,34.1,1,34.0,35,34.1,7,1,2021-12-07 09:26:56
1638869217105472000,34.1,1,34.0,35,34.1,8,1,2021-12-07 09:26:57
1638869229279277000,34.0,2,34.0,28,34.05,3,2,2021-12-07 09:27:09
1638869233847056000,34.0,1,34.0,27,34.05,4,2,2021-12-07 09:27:13
1638869239143701000,34.0,1,34.0,22,34.05,4,2,2021-12-07 09:27:19
1638869242023452000,34.05,2,34.0,22,34.05,2,1,2021-12-07 09:27:22
1638869243812472000,34.0,1,34.0,20,34.05,3,2,2021-12-07 09:27:23
1638869245335767000,34.05,1,34.0,20,34.05,2,1,2021-12-07 09:27:25
1638869247245587000,34.0,20,33.95,19,34.05,2,2,2021-12-07 09:27:27
1638869247510025000,34.0,4,34.0,1,34.05,4,2,2021-12-07 09:27:27
1638869247530529000,34.0,1,33.95,19,34.05,4,2,2021-12-07 09:27:27
1638869254277497000,34.0,2,34.0,6,34.05,7,2,2021-12-07 09:27:34
1638869255655466000,34.0,1,34.0,6,34.05,7,2,2021-12-07 09:27:35
1638869255807868000,34.0,1,34.0,5,34.05,7,2,2021-12-07 09:27:35
1638869258364495000,34.0,3,34.0,23,34.05,8,2,2021-12-07 09:27:38
1638869258726631000,34.0,1,34.0,22,34.05,8,2,2021-12-07 09:27:38
1638869258997041000,34.0,2,34.0,20,34.05,8,2,2021-12-07 09:27:38
1638869259260259000,34.0,1,34.0,19,34.05,8,2,2021-12-07 09:27:39
1638869263027577000,34.05,1,34.0,19,34.05,9,1,2021-12-07 09:27:43
1638869263884536000,34.0,1,34.0,18,34.05,9,2,2021-12-07 09:27:43
1638869264150969000,34.0,4,34.0,14,34.05,9,2,2021-12-07 09:27:44
1638869265685625000,34.0,1,34.0,13,34.05,9,2,2021-12-07 09:27:45
1638869268346602000,34.0,1,34.0,12,34.05,9,2,2021-12-07 09:27:48
1638869268571969000,34.0,1,34.0,11,34.05,9,2,2021-12-07 09:27:48
1638869269609752000,34.0,6,34.0,6,34.05,8,2,2021-12-07 09:27:49
1638869270047623000,34.05,3,34.0,6,34.05,5,1,2021-12-07 09:27:50
1638869270866799000,34.0,3,34.0,3,34.05,5,2,2021-12-07 09:27:50
1638869273488769000,34.0,3,33.95,19,34.05,5,2,2021-12-07 09:27:53
1638869275164574000,34.0,2,34.0,46,34.05,8,1,2021-12-07 09:27:55
1638869279950814000,34.0,1,34.0,55,34.05,8,2,2021-12-07 09:27:59
1638869282417060000,34.05,8,34.0,55,34.5,16,1,2021-12-07 09:28:02
1638869282417060000,34.1,19,34.0,55,34.5,16,1,2021-12-07 09:28:02
1638869282417060000,34.15,5,34.0,55,34.5,16,1,2021-12-07 09:28:02
1638869282417060000,34.2,10,34.0,55,34.5,16,1,2021-12-07 09:28:02
1638869282417060000,34.3,5,34.0,55,34.5,16,1,2021-12-07 09:28:02
1638869282417060000,34.35,5,34.0,55,34.5,16,1,2021-12-07 09:28:02
1638869282417060000,34.4,15,34.0,55,34.5,16,1,2021-12-07 09:28:02
1638869282417060000,34.45,22,34.0,55,34.5,16,1,2021-12-07 09:28:02
1638869282417060000,34.5,11,34.0,55,34.5,16,1,2021-12-07 09:28:02
1638869296625237000,34.4,2,34.15,6,34.45,7,2,2021-12-07 09:28:16
1638869297139116000,34.15,1,34.15,5,34.45,7,2,2021-12-07 09:28:17
1638869297188729000,34.15,1,34.15,4,34.45,7,2,2021-12-07 09:28:17
1638869297925918000,34.45,1,34.15,4,34.45,6,1,2021-12-07 09:28:17
1638869298086625000,34.45,3,34.2,2,34.45,3,1,2021-12-07 09:28:18
1638869298296568000,34.4,1,34.2,2,34.45,1,2,2021-12-07 09:28:18
1638869298296568000,34.45,2,34.2,2,34.45,1,1,2021-12-07 09:28:18
1638869298578862000,34.4,1,34.2,2,34.5,17,2,2021-12-07 09:28:18
1638869298578862000,34.45,1,34.2,2,34.5,17,1,2021-12-07 09:28:18
1638869298578862000,34.5,1,34.2,2,34.5,17,1,2021-12-07 09:28:18
1638869299340249000,34.5,3,34.25,1,34.5,14,1,2021-12-07 09:28:19
1638869299706656000,34.5,3,34.25,2,34.5,11,1,2021-12-07 09:28:19
1638869300189527000,34.5,3,34.25,4,34.5,8,1,2021-12-07 09:28:20
1638869301172594000,34.5,3,34.25,2,34.5,5,1,2021-12-07 09:28:21
1638869301442991000,34.45,3,34.25,2,34.45,2,2,2021-12-07 09:28:21
1638869301770073000,34.45,2,34.25,2,34.5,5,1,2021-12-07 09:28:21
1638869301770073000,34.5,1,34.25,2,34.5,5,1,2021-12-07 09:28:21
1638869302191491000,34.5,3,34.3,1,34.5,3,1,2021-12-07 09:28:22
1638869302624953000,34.5,3,34.3,1,34.55,15,1,2021-12-07 09:28:22
1638869302939538000,34.55,3,34.35,2,34.55,12,1,2021-12-07 09:28:22
1638869304052043000,34.5,4,34.25,1,34.55,12,2,2021-12-07 09:28:24
1638869305269707000,34.5,5,34.25,1,34.55,7,1,2021-12-07 09:28:25
1638869305269707000,34.55,5,34.25,1,34.55,7,1,2021-12-07 09:28:25
1638869307958543000,34.5,1,34.5,1,34.55,10,2,2021-12-07 09:28:27
1638869307992508000,34.5,1,34.25,2,34.55,10,2,2021-12-07 09:28:27
1638869308228261000,34.45,1,34.25,2,34.55,10,2,2021-12-07 09:28:28
1638869310685035000,34.5,1,34.25,9,34.5,7,1,2021-12-07 09:28:30
1638869311628702000,34.5,1,34.3,1,34.5,6,1,2021-12-07 09:28:31
1638869312647027000,34.45,1,34.25,9,34.5,6,2,2021-12-07 09:28:32
1638869314561970000,34.5,6,34.5,4,34.55,21,1,2021-12-07 09:28:34
1638869314598772000,34.5,4,34.3,1,34.55,21,2,2021-12-07 09:28:34
1638869315321291000,34.5,5,34.3,4,34.5,5,1,2021-12-07 09:28:35
1638869317898947000,34.45,2,34.45,1,34.5,5,2,2021-12-07 09:28:37
1638869318347389000,34.45,1,34.35,1,34.5,10,2,2021-12-07 09:28:38
1638869319222823000,34.5,3,34.45,4,34.5,7,1,2021-12-07 09:28:39
1638869323305716000,34.45,2,34.45,2,34.5,11,2,2021-12-07 09:28:43
1638869324176280000,34.45,1,34.45,1,34.5,11,2,2021-12-07 09:28:44
1638869324202812000,34.45,1,34.35,6,34.5,13,2,2021-12-07 09:28:44
1638869325008666000,34.45,1,34.35,6,34.45,3,1,2021-12-07 09:28:45
1638869327140998000,34.45,3,34.35,6,34.45,1,1,2021-12-07 09:28:47
1638869330977940000,34.35,5,34.35,4,34.4,1,2,2021-12-07 09:28:50
1638869332784252000,34.4,1,34.35,4,34.45,3,1,2021-12-07 09:28:52
1638869332793345000,34.45,2,34.35,4,34.45,1,1,2021-12-07 09:28:52
1638869333628462000,34.45,4,34.45,1,34.5,20,1,2021-12-07 09:28:53
1638869333650034000,34.45,1,34.35,4,34.5,20,2,2021-12-07 09:28:53
1638869337196396000,34.4,2,34.35,9,34.5,18,2,2021-12-07 09:28:57
1638869339834833000,34.45,5,34.4,1,34.5,18,1,2021-12-07 09:28:59
1638869340863412000,34.45,12,34.4,2,34.5,18,2,2021-12-07 09:29:00
1638869341135274000,34.4,2,34.35,17,34.4,6,2,2021-12-07 09:29:01
1638869341793725000,34.4,5,34.35,17,34.4,9,1,2021-12-07 09:29:01
1638869341911951000,34.4,1,34.35,16,34.4,8,1,2021-12-07 09:29:01
1638869342290973000,34.4,5,34.35,16,34.4,3,1,2021-12-07 09:29:02
1638869342314024000,34.4,1,34.35,16,34.4,2,1,2021-12-07 09:29:02
1638869342556049000,34.4,2,34.4,1,34.45,1,1,2021-12-07 09:29:02
1638869344486327000,34.45,1,34.4,1,34.5,18,1,2021-12-07 09:29:04
