ts,close,volume,bid_price,bid_volume,ask_price,ask_volume,tick_type,datetime
1657875604912563000,35.5,324,35.4,1,35.5,6,1,2022-07-15 09:00:04
1657875604974963000,35.4,1,35.3,1,35.5,6,2,2022-07-15 09:00:04
1657875605041010000,35.3,1,35.25,1,35.4,1,2,2022-07-15 09:00:05
1657875605041010000,35.25,4,35.25,1,35.4,1,2,2022-07-15 09:00:05
1657875605139086000,35.25,1,35.2,10,35.45,4,2,2022-07-15 09:00:05
1657875605491764000,35.2,10,35.05,11,35.45,4,2,2022-07-15 09:00:05
1657875605491764000,35.1,3,35.05,11,35.45,4,2,2022-07-15 09:00:05
1657875606055552000,35.05,11,34.9,2,35.45,4,2,2022-07-15 09:00:06
1657875606055552000,35.0,44,34.9,2,35.45,4,2,2022-07-15 09:00:06
1657875606055552000,34.95,1,34.9,2,35.45,4,2,2022-07-15 09:00:06
1657875606055552000,34.9,1,34.9,2,35.45,4,2,2022-07-15 09:00:06
1657875607488300000,34.9,1,34.9,1,35.4,1,2,2022-07-15 09:00:07
1657875607551315000,34.9,1,34.8,1,35.4,1,2,2022-07-15 09:00:07
1657875610032944000,35.0,1,34.8,1,35.4,4,2,2022-07-15 09:00:10
1657875610667891000,35.35,1,34.8,1,35.35,3,1,2022-07-15 09:00:10
1657875611349877000,34.85,1,34.85,1,35.35,4,2,2022-07-15 09:00:11
1657875613870391000,34.8,1,34.8,6,35.35,2,2,2022-07-15 09:00:13
1657875616568561000,34.8,1,34.75,11,35.25,6,2,2022-07-15 09:00:16
1657875616992912000,34.95,1,34.75,11,35.25,2,2,2022-07-15 09:00:16
1657875618001592000,35.15,6,34.85,1,35.2,1,1,2022-07-15 09:00:18
1657875618001592000,35.2,4,34.85,1,35.2,1,1,2022-07-15 09:00:18
1657875619364240000,35.0,2,34.9,4,35.2,6,1,2022-07-15 09:00:19
1657875620780626000,35.2,5,34.95,2,35.2,2,1,2022-07-15 09:00:20
1657875621242087000,35.2,1,34.95,2,35.2,1,1,2022-07-15 09:00:21
1657875621757070000,34.95,1,34.95,1,35.2,1,2,2022-07-15 09:00:21
1657875622769321000,35.2,1,34.95,3,35.4,1,1,2022-07-15 09:00:22
1657875622769321000,35.3,1,34.95,3,35.4,1,1,2022-07-15 09:00:22
1657875622769321000,35.35,2,34.95,3,35.4,1,1,2022-07-15 09:00:22
1657875624735129000,35.05,1,35.0,2,35.05,1,1,2022-07-15 09:00:24
1657875626213508000,35.2,1,35.05,1,35.2,1,1,2022-07-15 09:00:26
1657875626762585000,35.2,1,35.05,6,35.2,1,1,2022-07-15 09:00:26
1657875627110600000,35.2,3,35.05,6,35.35,1,2,2022-07-15 09:00:27
1657875629982863000,35.2,1,35.1,4,35.2,1,1,2022-07-15 09:00:29
1657875630876645000,35.15,1,35.1,4,35.15,2,1,2022-07-15 09:00:30
1657875630904753000,35.15,1,35.1,4,35.25,1,1,2022-07-15 09:00:30
1657875630967087000,35.25,1,35.1,4,35.3,1,1,2022-07-15 09:00:30
1657875630967087000,35.3,4,35.1,4,35.3,1,1,2022-07-15 09:00:30
1657875632036708000,35.1,2,35.1,2,35.2,3,2,2022-07-15 09:00:32
1657875632055959000,35.1,1,35.1,1,35.2,3,2,2022-07-15 09:00:32
1657875632065992000,35.1,1,35.05,8,35.2,3,2,2022-07-15 09:00:32
1657875633355229000,35.2,2,35.1,1,35.2,1,1,2022-07-15 09:00:33
1657875633395362000,35.2,1,35.1,1,35.3,2,1,2022-07-15 09:00:33
1657875634228291000,35.3,2,35.2,5,35.45,5,1,2022-07-15 09:00:34
1657875634228291000,35.35,1,35.2,5,35.45,5,1,2022-07-15 09:00:34
1657875634228291000,35.4,2,35.2,5,35.45,5,1,2022-07-15 09:00:34
1657875635816776000,35.2,1,35.2,4,35.3,1,2,2022-07-15 09:00:35
1657875637186242000,35.2,1,35.2,3,35.3,1,2,2022-07-15 09:00:37
1657875637561257000,35.3,1,35.2,3,35.4,4,1,2022-07-15 09:00:37
1657875637968758000,35.2,1,35.2,2,35.4,4,2,2022-07-15 09:00:37
1657875638733436000,35.2,2,35.15,3,35.35,2,2,2022-07-15 09:00:38
1657875640072872000,35.25,2,35.15,3,35.35,4,2,2022-07-15 09:00:40
1657875640206916000,35.15,1,35.15,2,35.35,4,2,2022-07-15 09:00:40
1657875640333792000,35.35,2,35.15,2,35.35,2,1,2022-07-15 09:00:40
1657875640548944000,35.3,1,35.2,10,35.35,1,1,2022-07-15 09:00:40
1657875640548944000,35.35,1,35.2,10,35.35,1,1,2022-07-15 09:00:40
1657875640611159000,35.2,1,35.2,9,35.35,1,2,2022-07-15 09:00:40
1657875642281725000,35.35,1,35.35,9,35.4,4,1,2022-07-15 09:00:42
1657875642316590000,35.35,4,35.35,5,35.4,4,2,2022-07-15 09:00:42
1657875642319798000,35.35,5,35.2,9,35.45,6,2,2022-07-15 09:00:42
1657875642842447000,35.25,1,35.2,11,35.45,6,2,2022-07-15 09:00:42
1657875643107059000,35.2,1,35.2,10,35.4,4,2,2022-07-15 09:00:43
1657875644057002000,35.25,1,35.25,1,35.45,6,2,2022-07-15 09:00:44
1657875644774716000,35.45,1,35.25,1,35.45,5,1,2022-07-15 09:00:44
1657875645492580000,35.3,1,35.3,11,35.45,5,2,2022-07-15 09:00:45
1657875645835687000,35.3,6,35.3,5,35.4,5,2,2022-07-15 09:00:45
1657875645874088000,35.3,5,35.3,11,35.4,5,2,2022-07-15 09:00:45
1657875646662021000,35.25,2,35.25,4,35.3,1,2,2022-07-15 09:00:46
1657875647128712000,35.25,2,35.25,2,35.3,1,2,2022-07-15 09:00:47
1657875648534121000,35.3,1,35.25,2,35.4,15,1,2022-07-15 09:00:48
1657875648534121000,35.35,5,35.25,2,35.4,15,1,2022-07-15 09:00:48
1657875650154497000,35.3,1,35.25,2,35.4,15,2,2022-07-15 09:00:50
1657875651362019000,35.25,2,35.2,7,35.35,4,2,2022-07-15 09:00:51
1657875651643038000,35.2,1,35.2,6,35.35,4,2,2022-07-15 09:00:51
1657875652132074000,35.25,1,35.2,6,35.35,4,1,2022-07-15 09:00:52
1657875652338442000,35.35,4,35.25,7,35.4,16,1,2022-07-15 09:00:52
1657875652338442000,35.4,1,35.25,7,35.4,16,1,2022-07-15 09:00:52
1657875652469854000,35.3,1,35.25,7,35.3,1,1,2022-07-15 09:00:52
1657875653188882000,35.35,1,35.25,7,35.4,16,1,2022-07-15 09:00:53
1657875653432596000,35.3,1,35.3,1,35.4,16,2,2022-07-15 09:00:53
1657875654004190000,35.25,6,35.25,8,35.4,16,2,2022-07-15 09:00:54
1657875654052162000,35.25,1,35.25,1,35.4,16,2,2022-07-15 09:00:54
1657875654628489000,35.25,1,35.2,6,35.4,16,2,2022-07-15 09:00:54
1657875655066077000,35.35,1,35.25,11,35.4,16,1,2022-07-15 09:00:55
1657875659160303000,35.35,1,35.25,16,35.4,27,2,2022-07-15 09:00:59
1657875659240988000,35.25,1,35.35,1,35.4,27,2,2022-07-15 09:00:59
1657875659764153000,35.25,6,35.25,15,35.4,27,2,2022-07-15 09:00:59
1657875661648204000,35.35,1,35.25,9,35.4,27,1,2022-07-15 09:01:01
1657875661909725000,35.25,8,35.25,1,35.4,27,2,2022-07-15 09:01:01
1657875661933376000,35.25,1,35.2,4,35.4,27,2,2022-07-15 09:01:01
1657875661933376000,35.2,5,35.2,4,35.4,27,2,2022-07-15 09:01:01
1657875661975631000,35.35,2,35.35,2,35.4,27,2,2022-07-15 09:01:01
1657875662398528000,35.2,7,35.15,2,35.4,27,2,2022-07-15 09:01:02
1657875662398528000,35.15,43,35.15,2,35.4,27,2,2022-07-15 09:01:02
1657875662540307000,35.15,2,35.1,15,35.35,4,2,2022-07-15 09:01:02
1657875662626262000,35.25,1,35.1,15,35.35,5,2,2022-07-15 09:01:02
1657875662692062000,35.3,1,35.1,15,35.3,3,1,2022-07-15 09:01:02
1657875662747172000,35.3,2,35.15,1,35.3,13,1,2022-07-15 09:01:02
1657875662856759000,35.15,1,35.1,15,35.3,13,2,2022-07-15 09:01:02
1657875662944568000,35.1,14,35.1,1,35.3,13,2,2022-07-15 09:01:02
1657875662984013000,35.1,1,35.15,1,35.3,13,2,2022-07-15 09:01:02
1657875663642693000,35.25,3,35.05,13,35.25,1,1,2022-07-15 09:01:03
1657875664609417000,35.1,3,35.05,13,35.2,3,2,2022-07-15 09:01:04
1657875664609447000,35.05,1,35.05,12,35.2,3,2,2022-07-15 09:01:04
1657875664638633000,35.05,4,35.05,8,35.2,3,2,2022-07-15 09:01:04
1657875664667472000,35.05,8,35.0,42,35.2,3,2,2022-07-15 09:01:04
1657875664781393000,35.2,1,35.0,42,35.2,6,1,2022-07-15 09:01:04
1657875668298486000,35.05,1,35.0,42,35.05,2,1,2022-07-15 09:01:08
1657875669682813000,35.05,1,35.0,43,35.05,1,1,2022-07-15 09:01:09
1657875671003417000,35.05,1,35.0,43,35.05,1,1,2022-07-15 09:01:11
1657875671052491000,35.0,1,35.0,42,35.05,1,2,2022-07-15 09:01:11
1657875671373489000,35.0,4,35.0,38,35.05,1,2,2022-07-15 09:01:11
1657875672427011000,35.05,1,35.0,38,35.1,5,1,2022-07-15 09:01:12
1657875672427011000,35.1,1,35.0,38,35.1,5,1,2022-07-15 09:01:12
1657875674123614000,35.05,2,35.0,38,35.1,4,1,2022-07-15 09:01:14
1657875674123614000,35.1,1,35.0,38,35.1,4,1,2022-07-15 09:01:14
1657875674579660000,35.05,1,35.0,38,35.1,4,1,2022-07-15 09:01:14
1657875675735896000,35.0,1,35.0,37,35.1,8,2,2022-07-15 09:01:15
1657875676239560000,35.0,4,35.0,33,35.1,8,2,2022-07-15 09:01:16
1657875676264415000,35.0,25,35.0,8,35.1,8,2,2022-07-15 09:01:16
1657875676937220000,35.0,8,34.95,5,35.05,5,2,2022-07-15 09:01:16
1657875676937220000,34.95,1,34.95,5,35.05,5,2,2022-07-15 09:01:16
1657875677199894000,35.05,1,34.95,5,35.05,4,1,2022-07-15 09:01:17
1657875677442978000,34.95,1,34.95,4,35.0,2,2,2022-07-15 09:01:17
1657875677467147000,34.95,2,34.95,2,35.0,2,2,2022-07-15 09:01:17
1657875677470841000,34.95,1,34.95,1,35.0,2,2,2022-07-15 09:01:17
1657875677603245000,34.95,1,34.85,3,35.0,7,2,2022-07-15 09:01:17
1657875677603245000,34.9,2,34.85,3,35.0,7,2,2022-07-15 09:01:17
1657875677615218000,35.0,1,34.85,3,35.0,6,1,2022-07-15 09:01:17
1657875678963478000,34.85,1,34.85,2,35.0,19,2,2022-07-15 09:01:18
1657875679529926000,35.0,1,34.85,2,35.0,18,1,2022-07-15 09:01:19
1657875679536876000,35.0,1,34.85,2,35.0,17,1,2022-07-15 09:01:19
1657875679743173000,34.85,1,34.85,1,35.0,17,2,2022-07-15 09:01:19
1657875679745217000,35.0,2,34.85,1,35.0,15,1,2022-07-15 09:01:19
1657875680064047000,34.85,1,34.8,14,34.95,1,2,2022-07-15 09:01:20
1657875681722005000,34.95,1,34.8,14,35.0,16,1,2022-07-15 09:01:21
1657875681789719000,34.8,1,34.8,13,35.0,6,2,2022-07-15 09:01:21
1657875682173663000,34.85,1,34.8,12,35.0,16,1,2022-07-15 09:01:22
1657875682881148000,34.8,1,34.8,11,35.0,16,2,2022-07-15 09:01:22
1657875683233532000,34.8,1,34.8,10,34.95,1,2,2022-07-15 09:01:23
1657875683523177000,34.8,1,34.8,9,34.95,1,2,2022-07-15 09:01:23
1657875684564495000,34.95,1,34.8,9,35.0,17,1,2022-07-15 09:01:24
1657875684798198000,34.8,1,34.8,8,35.0,17,2,2022-07-15 09:01:24
1657875685590453000,34.8,1,34.8,7,35.0,17,2,2022-07-15 09:01:25
1657875685932501000,34.8,2,34.8,5,34.95,2,2,2022-07-15 09:01:25
1657875686034995000,34.95,1,34.8,5,34.95,3,1,2022-07-15 09:01:26
1657875686548357000,34.85,1,34.85,1,34.95,4,2,2022-07-15 09:01:26
1657875687185305000,34.95,3,34.85,1,34.95,1,1,2022-07-15 09:01:27
1657875688275213000,34.85,1,34.85,1,34.95,2,2,2022-07-15 09:01:28
1657875694374887000,34.9,2,34.85,1,34.95,4,2,2022-07-15 09:01:34
1657875695406022000,34.95,4,34.9,23,34.95,4,1,2022-07-15 09:01:35
1657875695961000000,34.9,1,34.9,22,35.0,20,2,2022-07-15 09:01:35
1657875696005115000,34.9,1,34.9,21,35.0,20,2,2022-07-15 09:01:36
1657875697067049000,34.9,1,34.9,20,34.95,1,2,2022-07-15 09:01:37
1657875697826201000,34.9,1,34.9,19,34.95,1,2,2022-07-15 09:01:37
1657875699321803000,34.9,4,34.9,15,34.95,1,2,2022-07-15 09:01:39
1657875699423671000,34.9,1,34.9,14,34.95,1,2,2022-07-15 09:01:39
1657875699574892000,34.95,1,34.95,2,35.0,20,1,2022-07-15 09:01:39
1657875699660185000,35.0,1,34.95,2,35.0,19,1,2022-07-15 09:01:39
1657875700082201000,34.95,2,34.9,8,35.0,19,2,2022-07-15 09:01:40
1657875700082201000,34.9,6,34.9,8,35.0,19,2,2022-07-15 09:01:40
1657875705201507000,34.95,6,34.9,10,34.95,44,2,2022-07-15 09:01:45
1657875705254201000,34.9,1,34.9,9,34.95,44,2,2022-07-15 09:01:45
1657875706310032000,34.95,3,34.9,10,34.95,3,1,2022-07-15 09:01:46
1657875707222350000,35.0,1,34.9,10,35.0,17,1,2022-07-15 09:01:47
1657875707967868000,34.9,7,34.9,3,35.0,17,2,2022-07-15 09:01:47
1657875708318450000,34.9,2,34.9,1,34.95,1,2,2022-07-15 09:01:48
1657875708832359000,34.9,1,34.85,4,34.9,9,2,2022-07-15 09:01:48
1657875710171803000,34.9,1,34.85,5,34.9,8,1,2022-07-15 09:01:50
1657875710196325000,34.85,5,34.8,4,34.9,8,2,2022-07-15 09:01:50
1657875710402210000,34.85,1,34.8,4,34.9,10,1,2022-07-15 09:01:50
1657875712385877000,34.85,1,34.8,4,34.9,10,1,2022-07-15 09:01:52
1657875712780333000,34.8,4,34.6,3,34.9,10,2,2022-07-15 09:01:52
1657875712780333000,34.75,9,34.6,3,34.9,10,2,2022-07-15 09:01:52
1657875712780333000,34.7,57,34.6,3,34.9,10,2,2022-07-15 09:01:52
1657875712860310000,34.6,4,34.5,9,34.7,1,2,2022-07-15 09:01:52
1657875712860310000,34.55,1,34.5,9,34.7,1,2,2022-07-15 09:01:52
1657875712860310000,34.5,2,34.5,9,34.7,1,2,2022-07-15 09:01:52
1657875713604429000,34.5,1,34.5,8,34.65,1,2,2022-07-15 09:01:53
1657875714518121000,34.5,2,34.5,6,34.6,3,2,2022-07-15 09:01:54
1657875714672532000,34.5,1,34.5,5,34.6,3,2,2022-07-15 09:01:54
1657875715741519000,34.5,2,34.5,3,34.6,4,2,2022-07-15 09:01:55
1657875715860753000,34.5,2,34.5,1,34.6,6,2,2022-07-15 09:01:55
1657875715883102000,34.5,1,34.4,6,34.6,6,2,2022-07-15 09:01:55
1657875717172666000,34.4,2,34.4,4,34.6,6,2,2022-07-15 09:01:57
1657875717290296000,34.4,1,34.4,3,34.6,6,2,2022-07-15 09:01:57
1657875720355999000,34.5,1,34.45,1,34.6,6,1,2022-07-15 09:02:00
1657875720690675000,34.45,2,34.3,1,34.6,6,2,2022-07-15 09:02:00
1657875720690675000,34.4,3,34.3,1,34.6,6,2,2022-07-15 09:02:00
1657875720690675000,34.3,1,34.3,1,34.6,6,2,2022-07-15 09:02:00
1657875720982551000,34.4,1,34.4,10,34.6,6,2,2022-07-15 09:02:00
1657875721633009000,34.4,1,34.4,8,34.6,6,2,2022-07-15 09:02:01
1657875724239550000,34.6,6,34.45,6,34.65,1,1,2022-07-15 09:02:04
1657875724328779000,34.65,1,34.45,7,34.65,1,1,2022-07-15 09:02:04
1657875725029563000,34.45,1,34.45,6,34.7,6,2,2022-07-15 09:02:05
1657875726752238000,34.7,5,34.55,6,34.7,1,1,2022-07-15 09:02:06
1657875726780756000,34.55,1,34.55,5,34.7,1,2,2022-07-15 09:02:06
1657875726789284000,34.7,1,34.55,5,34.8,5,1,2022-07-15 09:02:06
1657875727016055000,34.55,1,34.55,4,34.75,4,2,2022-07-15 09:02:07
1657875727948754000,34.6,1,34.6,7,34.8,5,2,2022-07-15 09:02:07
1657875728782937000,34.7,1,34.7,5,34.8,5,2,2022-07-15 09:02:08
1657875728929264000,34.7,1,34.7,4,34.75,1,2,2022-07-15 09:02:08
1657875728935633000,34.75,1,34.7,5,34.75,1,1,2022-07-15 09:02:08
1657875733402834000,34.75,1,34.7,4,34.75,1,1,2022-07-15 09:02:13
1657875735213363000,34.8,2,34.7,5,34.8,4,1,2022-07-15 09:02:15
1657875736382904000,34.8,4,34.75,3,34.85,8,1,2022-07-15 09:02:16
1657875736449283000,34.8,1,34.75,3,34.85,8,1,2022-07-15 09:02:16
1657875736520828000,34.85,4,34.75,3,34.85,8,1,2022-07-15 09:02:16
1657875737195034000,34.85,4,34.8,8,34.9,11,1,2022-07-15 09:02:17
1657875737228274000,34.9,11,34.8,8,34.95,2,1,2022-07-15 09:02:17
1657875739532912000,34.95,2,34.8,9,35.0,11,1,2022-07-15 09:02:19
1657875739532912000,35.0,3,34.8,9,35.0,11,1,2022-07-15 09:02:19
1657875739773908000,35.0,1,34.8,9,35.0,10,1,2022-07-15 09:02:19
1657875741129017000,34.8,1,34.8,8,35.0,10,2,2022-07-15 09:02:21
1657875741678424000,35.0,3,34.8,10,35.0,7,1,2022-07-15 09:02:21
1657875742134102000,34.8,4,34.8,6,35.0,8,2,2022-07-15 09:02:22
1657875743606048000,34.9,1,34.8,6,35.0,8,1,2022-07-15 09:02:23
1657875744730141000,35.0,1,34.9,1,35.0,7,1,2022-07-15 09:02:24
1657875745674513000,34.9,1,34.8,6,35.0,12,2,2022-07-15 09:02:25
1657875746786415000,34.95,1,34.8,7,35.0,14,1,2022-07-15 09:02:26
1657875748944627000,35.0,1,34.9,1,35.0,14,1,2022-07-15 09:02:28
1657875749922812000,34.9,3,34.8,14,35.0,14,2,2022-07-15 09:02:29
1657875749922812000,34.85,1,34.8,14,35.0,14,2,2022-07-15 09:02:29
1657875752855824000,34.95,1,34.9,5,35.0,14,1,2022-07-15 09:02:32
1657875755332553000,34.9,4,34.9,1,35.0,14,2,2022-07-15 09:02:35
1657875758580788000,34.9,1,34.85,1,34.9,4,2,2022-07-15 09:02:38
1657875759778938000,34.9,1,34.85,3,34.9,3,1,2022-07-15 09:02:39
1657875759818371000,34.9,3,34.85,3,34.95,3,1,2022-07-15 09:02:39
1657875760787614000,34.9,1,34.8,26,34.95,4,2,2022-07-15 09:02:40
1657875760787614000,34.85,3,34.8,26,34.95,4,2,2022-07-15 09:02:40
1657875761224479000,34.9,2,34.8,26,34.95,4,1,2022-07-15 09:02:41
1657875761640427000,34.8,26,34.6,22,34.7,11,2,2022-07-15 09:02:41
1657875761640427000,34.75,7,34.6,22,34.7,11,2,2022-07-15 09:02:41
1657875761640427000,34.7,4,34.6,22,34.7,11,2,2022-07-15 09:02:41
1657875761667709000,34.7,3,34.6,22,34.7,8,1,2022-07-15 09:02:41
1657875761697905000,34.65,4,34.6,22,34.65,1,1,2022-07-15 09:02:41
1657875761698188000,34.65,1,34.65,3,34.7,8,1,2022-07-15 09:02:41
1657875761721941000,34.65,1,34.65,2,34.7,9,2,2022-07-15 09:02:41
1657875761808958000,34.7,8,34.65,2,34.7,1,1,2022-07-15 09:02:41
1657875761837727000,34.7,1,34.65,2,34.95,4,1,2022-07-15 09:02:41
1657875761872348000,34.7,1,34.65,2,34.7,1,1,2022-07-15 09:02:41
1657875763137838000,34.7,1,34.65,2,34.7,1,1,2022-07-15 09:02:43
1657875763172607000,34.7,1,34.65,2,34.9,2,1,2022-07-15 09:02:43
1657875764945962000,34.7,2,34.65,1,34.9,3,2,2022-07-15 09:02:44
1657875764945962000,34.65,1,34.65,1,34.9,3,2,2022-07-15 09:02:44
1657875766073304000,34.65,1,34.6,25,34.65,2,2,2022-07-15 09:02:46
1657875766829258000,34.65,1,34.6,25,34.65,1,1,2022-07-15 09:02:46
1657875766865592000,34.65,1,34.6,25,34.8,3,1,2022-07-15 09:02:46
1657875769120370000,34.7,1,34.7,2,34.8,4,1,2022-07-15 09:02:49
1657875769152622000,34.7,2,34.6,25,34.8,4,2,2022-07-15 09:02:49
1657875770302467000,34.6,4,34.6,21,34.8,5,2,2022-07-15 09:02:50
1657875771836138000,34.8,5,34.6,21,34.85,2,1,2022-07-15 09:02:51
1657875772946586000,34.6,1,34.6,22,34.8,2,2,2022-07-15 09:02:52
1657875775814767000,34.8,1,34.6,31,34.8,1,1,2022-07-15 09:02:55
1657875780516633000,34.75,1,34.65,4,34.75,1,1,2022-07-15 09:03:00
1657875780682447000,34.8,1,34.65,4,34.8,5,1,2022-07-15 09:03:00
1657875780692746000,34.8,5,34.65,4,34.9,6,1,2022-07-15 09:03:00
1657875780692746000,34.85,4,34.65,4,34.9,6,1,2022-07-15 09:03:00
1657875780692746000,34.9,1,34.65,4,34.9,6,1,2022-07-15 09:03:00
1657875780811884000,34.65,4,34.6,35,34.85,1,2,2022-07-15 09:03:00
1657875780811884000,34.6,2,34.6,35,34.85,1,2,2022-07-15 09:03:00
1657875781359547000,34.7,1,34.7,1,34.85,1,2,2022-07-15 09:03:01
1657875782420489000,34.8,1,34.65,2,34.85,1,2,2022-07-15 09:03:02
1657875782420489000,34.65,1,34.65,2,34.85,1,2,2022-07-15 09:03:02
1657875786422402000,34.8,2,34.7,2,34.85,1,1,2022-07-15 09:03:06
1657875787086996000,34.75,1,34.75,15,34.8,1,2,2022-07-15 09:03:07
1657875792582814000,34.75,9,34.75,4,34.8,14,2,2022-07-15 09:03:12
1657875792616823000,34.75,4,34.7,3,34.8,14,2,2022-07-15 09:03:12
1657875792646066000,34.75,1,34.7,1,34.8,14,2,2022-07-15 09:03:12
1657875792646066000,34.7,2,34.7,1,34.8,14,2,2022-07-15 09:03:12
1657875793652317000,34.75,1,34.7,1,34.75,1,1,2022-07-15 09:03:13
1657875793684019000,34.75,1,34.7,1,34.8,14,1,2022-07-15 09:03:13
1657875799015911000,34.75,1,34.7,6,34.75,8,1,2022-07-15 09:03:19
1657875799036536000,34.75,1,34.7,6,34.75,7,1,2022-07-15 09:03:19
1657875799048089000,34.7,1,34.7,5,34.75,7,2,2022-07-15 09:03:19
1657875804853113000,34.75,6,34.7,10,34.75,2,1,2022-07-15 09:03:24
1657875804889670000,34.75,2,34.7,10,34.8,14,1,2022-07-15 09:03:24
1657875805410055000,34.8,1,34.7,10,34.8,13,1,2022-07-15 09:03:25
1657875806425578000,34.8,5,34.7,11,34.8,8,1,2022-07-15 09:03:26
1657875806638884000,34.75,5,34.7,11,34.8,8,2,2022-07-15 09:03:26
1657875806993838000,34.8,1,34.7,11,34.8,7,1,2022-07-15 09:03:26
1657875810113335000,34.75,1,34.75,6,34.8,9,2,2022-07-15 09:03:30
1657875810668746000,34.75,1,34.75,5,34.8,9,2,2022-07-15 09:03:30
1657875811565060000,34.8,1,34.75,5,34.8,13,1,2022-07-15 09:03:31
1657875815494083000,34.8,1,34.75,7,34.8,13,1,2022-07-15 09:03:35
1657875816945888000,34.8,2,34.75,7,34.8,11,1,2022-07-15 09:03:36
1657875816983742000,34.8,11,34.75,7,34.85,1,1,2022-07-15 09:03:36
1657875817563452000,34.8,1,34.8,1,34.85,1,2,2022-07-15 09:03:37
1657875817563452000,34.75,3,34.8,1,34.85,1,2,2022-07-15 09:03:37
1657875821861131000,34.75,4,34.75,6,34.8,1,2,2022-07-15 09:03:41
1657875822653559000,34.8,1,34.75,6,34.85,1,1,2022-07-15 09:03:42
1657875825062225000,34.8,2,34.75,6,34.8,3,2,2022-07-15 09:03:45
1657875825754497000,34.8,1,34.75,6,34.8,2,1,2022-07-15 09:03:45
1657875826799021000,34.8,1,34.75,6,34.8,1,1,2022-07-15 09:03:46
1657875826822384000,34.8,1,34.75,6,34.85,1,1,2022-07-15 09:03:46
1657875834060567000,34.8,1,34.8,2,34.85,2,2,2022-07-15 09:03:54
1657875834755146000,34.8,2,34.75,4,34.85,2,2,2022-07-15 09:03:54
1657875834755146000,34.75,2,34.75,4,34.85,2,2,2022-07-15 09:03:54
1657875836833024000,34.85,1,34.75,4,34.85,1,1,2022-07-15 09:03:56
1657875840314764000,34.75,4,34.7,15,34.8,6,2,2022-07-15 09:04:00
1657875840772820000,34.8,2,34.7,18,34.8,4,1,2022-07-15 09:04:00
1657875845047173000,34.8,1,34.75,1,34.8,18,1,2022-07-15 09:04:05
1657875846625433000,34.75,1,34.7,14,34.8,18,2,2022-07-15 09:04:06
1657875846625433000,34.7,4,34.7,14,34.8,18,2,2022-07-15 09:04:06
1657875846744944000,34.7,14,34.65,11,34.75,1,2,2022-07-15 09:04:06
1657875846801283000,34.65,11,34.6,44,34.7,2,2,2022-07-15 09:04:06
1657875847016393000,34.7,1,34.6,43,34.7,2,1,2022-07-15 09:04:07
1657875847942003000,34.7,1,34.6,43,34.7,2,1,2022-07-15 09:04:07
1657875849698943000,34.7,1,34.65,10,34.7,1,1,2022-07-15 09:04:09
1657875850867818000,34.65,2,34.65,9,34.7,1,2,2022-07-15 09:04:10
1657875853520971000,34.65,2,34.65,7,34.7,2,2,2022-07-15 09:04:13
1657875859894744000,34.65,3,34.65,5,34.7,4,2,2022-07-15 09:04:19
1657875860153358000,34.65,1,34.65,4,34.7,4,2,2022-07-15 09:04:20
1657875860196279000,34.65,2,34.65,2,34.7,4,2,2022-07-15 09:04:20
1657875860615644000,34.65,1,34.65,1,34.7,5,2,2022-07-15 09:04:20
1657875860636158000,34.65,1,34.6,46,34.7,5,2,2022-07-15 09:04:20
1657875860697537000,34.7,4,34.6,46,34.7,1,1,2022-07-15 09:04:20
1657875865559798000,34.65,1,34.6,47,34.65,16,1,2022-07-15 09:04:25
1657875870802741000,34.65,1,34.6,53,34.65,27,1,2022-07-15 09:04:30
1657875870848169000,34.6,1,34.6,52,34.65,27,2,2022-07-15 09:04:30
1657875874667736000,34.65,1,34.6,51,34.65,26,1,2022-07-15 09:04:34
1657875875333266000,34.65,5,34.6,51,34.65,21,1,2022-07-15 09:04:35
1657875876824965000,34.65,1,34.6,51,34.65,20,1,2022-07-15 09:04:36
1657875879376846000,34.65,1,34.6,54,34.65,19,1,2022-07-15 09:04:39
1657875879412110000,34.65,2,34.6,54,34.65,17,1,2022-07-15 09:04:39
1657875879415624000,34.6,1,34.6,53,34.65,17,2,2022-07-15 09:04:39
1657875879441832000,34.65,17,34.6,56,34.7,2,1,2022-07-15 09:04:39
1657875879546298000,34.65,1,34.6,56,34.65,1,1,2022-07-15 09:04:39
1657875881797025000,34.6,1,34.6,56,34.7,2,2,2022-07-15 09:04:41
1657875886986389000,34.65,1,34.6,55,34.7,3,2,2022-07-15 09:04:46
1657875886986389000,34.6,1,34.6,55,34.7,3,2,2022-07-15 09:04:46
1657875894051590000,34.65,1,34.6,55,34.65,1,1,2022-07-15 09:04:54
1657875897624650000,34.65,1,34.65,3,34.7,4,1,2022-07-15 09:04:57
1657875897668975000,34.65,2,34.65,1,34.7,4,2,2022-07-15 09:04:57
1657875899066374000,34.65,1,34.65,1,34.7,5,2,2022-07-15 09:04:59
1657875900144078000,34.65,1,34.6,55,34.7,5,2,2022-07-15 09:05:00
1657875900373087000,34.6,5,34.6,50,34.7,4,2,2022-07-15 09:05:00
1657875900498723000,34.65,1,34.6,50,34.7,6,2,2022-07-15 09:05:00
1657875901576499000,34.6,1,34.6,54,34.7,5,2,2022-07-15 09:05:01
1657875903599813000,34.65,3,34.6,51,34.7,6,2,2022-07-15 09:05:03
1657875907925036000,34.6,2,34.6,49,34.7,5,2,2022-07-15 09:05:07
1657875907983287000,34.6,2,34.6,47,34.7,6,2,2022-07-15 09:05:07
1657875908018461000,34.6,47,34.5,36,34.7,7,2,2022-07-15 09:05:08
1657875908198063000,34.55,1,34.55,2,34.65,3,2,2022-07-15 09:05:08
1657875908226046000,34.55,1,34.5,36,34.65,3,2,2022-07-15 09:05:08
1657875910661001000,34.65,1,34.5,36,34.65,2,1,2022-07-15 09:05:10
1657875913669965000,34.55,1,34.5,36,34.65,4,2,2022-07-15 09:05:13
1657875918685429000,34.55,1,34.5,36,34.55,1,1,2022-07-15 09:05:18
1657875919229398000,34.5,1,34.5,35,34.55,1,2,2022-07-15 09:05:19
1657875922005601000,34.5,1,34.5,32,34.55,4,2,2022-07-15 09:05:22
1657875922035618000,34.5,10,34.5,22,34.55,4,2,2022-07-15 09:05:22
1657875922075690000,34.5,1,34.5,21,34.55,6,2,2022-07-15 09:05:22
1657875922094673000,34.5,1,34.5,20,34.55,6,2,2022-07-15 09:05:22
1657875922113908000,34.5,4,34.5,22,34.55,6,2,2022-07-15 09:05:22
1657875922959610000,34.5,1,34.5,15,34.55,6,2,2022-07-15 09:05:22
1657875922996460000,34.5,5,34.5,10,34.55,6,2,2022-07-15 09:05:22
1657875923027359000,34.5,10,34.45,7,34.55,7,2,2022-07-15 09:05:23
1657875927319271000,34.45,7,34.4,6,34.45,3,2,2022-07-15 09:05:27
1657875927747496000,34.4,2,34.4,4,34.45,5,2,2022-07-15 09:05:27
1657875929462430000,34.4,2,34.4,2,34.45,5,2,2022-07-15 09:05:29
1657875929485245000,34.4,2,34.35,6,34.45,5,2,2022-07-15 09:05:29
1657875930099570000,34.45,2,34.35,7,34.45,3,1,2022-07-15 09:05:30
1657875934383873000,34.35,4,34.35,3,34.45,5,2,2022-07-15 09:05:34
1657875936318153000,34.35,1,34.35,2,34.4,3,2,2022-07-15 09:05:36
1657875938293838000,34.4,2,34.35,2,34.4,2,1,2022-07-15 09:05:38
1657875939029949000,34.35,2,34.3,19,34.35,8,2,2022-07-15 09:05:39
1657875939071499000,34.3,1,34.3,19,34.35,8,2,2022-07-15 09:05:39
1657875939207337000,34.3,1,34.3,17,34.35,8,2,2022-07-15 09:05:39
1657875939694184000,34.35,4,34.3,17,34.35,4,1,2022-07-15 09:05:39
1657875939736647000,34.35,4,34.3,17,34.4,2,1,2022-07-15 09:05:39
1657875940168126000,34.35,1,34.35,3,34.4,4,2,2022-07-15 09:05:40
1657875940208770000,34.35,3,34.3,17,34.4,4,2,2022-07-15 09:05:40
1657875941657661000,34.35,1,34.3,17,34.35,1,1,2022-07-15 09:05:41
1657875943775113000,34.3,3,34.3,13,34.4,3,2,2022-07-15 09:05:43
1657875946940907000,34.4,4,34.35,9,34.45,7,1,2022-07-15 09:05:46
1657875947636045000,34.45,7,34.35,10,34.5,10,1,2022-07-15 09:05:47
1657875947684996000,34.35,1,34.35,9,34.5,10,2,2022-07-15 09:05:47
1657875948420805000,34.35,1,34.35,8,34.5,10,2,2022-07-15 09:05:48
1657875949822098000,34.45,1,34.35,8,34.5,10,1,2022-07-15 09:05:49
1657875950442645000,34.35,1,34.35,7,34.5,10,2,2022-07-15 09:05:50
1657875953184023000,34.35,1,34.35,7,34.5,12,2,2022-07-15 09:05:53
1657875957089375000,34.45,3,34.35,9,34.5,12,1,2022-07-15 09:05:57
1657875957776432000,34.35,7,34.35,2,34.45,1,2,2022-07-15 09:05:57
1657875957801512000,34.45,1,34.35,2,34.5,12,1,2022-07-15 09:05:57
1657875959028615000,34.4,1,34.3,17,34.35,2,2,2022-07-15 09:05:59
1657875959028615000,34.35,2,34.3,17,34.35,2,2,2022-07-15 09:05:59
1657875959054487000,34.35,2,34.3,17,34.5,13,1,2022-07-15 09:05:59
1657875959082299000,34.3,1,34.3,16,34.5,13,2,2022-07-15 09:05:59
1657875959289043000,34.45,1,34.35,10,34.5,13,1,2022-07-15 09:05:59
1657875959471543000,34.45,1,34.35,15,34.45,1,1,2022-07-15 09:05:59
1657875960084101000,34.5,12,34.4,7,34.55,5,1,2022-07-15 09:06:00
1657875961985019000,34.4,2,34.4,12,34.55,5,2,2022-07-15 09:06:01
1657875962027291000,34.55,5,34.4,12,34.6,8,1,2022-07-15 09:06:02
1657875962486317000,34.4,1,34.4,11,34.6,8,2,2022-07-15 09:06:02
1657875965926612000,34.5,7,34.4,11,34.6,10,2,2022-07-15 09:06:05
1657875965926612000,34.45,3,34.4,11,34.6,10,2,2022-07-15 09:06:05
1657875967117826000,34.4,1,34.4,10,34.6,11,2,2022-07-15 09:06:07
1657875967397516000,34.4,1,34.4,9,34.6,11,2,2022-07-15 09:06:07
1657875968653664000,34.4,2,34.4,7,34.55,1,2,2022-07-15 09:06:08
1657875968800291000,34.55,1,34.45,7,34.55,1,1,2022-07-15 09:06:08
1657875969797660000,34.45,1,34.45,6,34.6,11,2,2022-07-15 09:06:09
1657875972208669000,34.55,1,34.45,6,34.6,11,1,2022-07-15 09:06:12
1657875976391989000,34.45,7,34.4,8,34.6,12,2,2022-07-15 09:06:16
1657875976391989000,34.4,2,34.4,8,34.6,12,2,2022-07-15 09:06:16
1657875977171797000,34.45,2,34.45,6,34.5,1,2,2022-07-15 09:06:17
1657875978233166000,34.5,1,34.45,6,34.55,2,1,2022-07-15 09:06:18
1657875982890972000,34.45,4,34.45,2,34.55,13,2,2022-07-15 09:06:22
1657875982923938000,34.45,2,34.4,9,34.55,13,2,2022-07-15 09:06:22
1657875984450340000,34.45,1,34.4,9,34.5,2,2,2022-07-15 09:06:24
1657875985956632000,34.4,6,34.4,3,34.45,1,2,2022-07-15 09:06:25
1657875985996661000,34.4,1,34.4,2,34.45,1,2,2022-07-15 09:06:25
1657875987378081000,34.4,2,34.35,8,34.45,1,2,2022-07-15 09:06:27
1657875987561777000,34.35,1,34.35,7,34.45,1,2,2022-07-15 09:06:27
1657875989038741000,34.35,4,34.35,3,34.45,1,2,2022-07-15 09:06:29
1657875989367577000,34.35,2,34.35,1,34.45,2,2,2022-07-15 09:06:29
1657875990753604000,34.35,1,34.3,21,34.4,1,2,2022-07-15 09:06:30
1657875994835636000,34.35,2,34.3,18,34.4,1,2,2022-07-15 09:06:34
1657875994835636000,34.3,3,34.3,18,34.4,1,2,2022-07-15 09:06:34
1657875995648927000,34.3,2,34.3,16,34.35,3,2,2022-07-15 09:06:35
1657875997870103000,34.3,16,34.25,6,34.3,4,2,2022-07-15 09:06:37
1657875997896075000,34.25,1,34.25,5,34.3,6,2,2022-07-15 09:06:37
1657875997928489000,34.25,1,34.25,4,34.3,6,2,2022-07-15 09:06:37
1657875997957117000,34.25,4,34.25,6,34.3,6,2,2022-07-15 09:06:37
1657875998104565000,34.3,1,34.2,2,34.3,5,1,2022-07-15 09:06:38
1657875999987263000,34.2,2,34.15,1,34.25,10,2,2022-07-15 09:06:39
1657876000050146000,34.2,1,34.15,1,34.25,10,1,2022-07-15 09:06:40
1657876000054232000,34.25,4,34.15,1,34.25,6,1,2022-07-15 09:06:40
1657876000085238000,34.25,6,34.15,1,34.3,2,1,2022-07-15 09:06:40
1657876000933592000,34.2,1,34.2,6,34.3,3,2,2022-07-15 09:06:40
1657876001676769000,34.25,1,34.2,6,34.3,3,1,2022-07-15 09:06:41
1657876004064777000,34.3,1,34.2,6,34.3,2,1,2022-07-15 09:06:44
1657876004089622000,34.3,2,34.2,6,34.35,5,1,2022-07-15 09:06:44
1657876004712895000,34.2,5,34.2,1,34.35,5,2,2022-07-15 09:06:44
1657876011671756000,34.2,1,34.1,10,34.3,1,2,2022-07-15 09:06:51
1657876011671756000,34.15,2,34.1,10,34.3,1,2,2022-07-15 09:06:51
1657876011671756000,34.1,1,34.1,10,34.3,1,2,2022-07-15 09:06:51
1657876011953352000,34.3,2,34.15,6,34.3,2,1,2022-07-15 09:06:51
1657876012969302000,34.3,1,34.35,2,34.4,5,1,2022-07-15 09:06:52
1657876012969302000,34.35,7,34.35,2,34.4,5,1,2022-07-15 09:06:52
1657876013030467000,34.4,3,34.25,4,34.3,1,1,2022-07-15 09:06:53
1657876013115147000,34.4,1,34.35,2,34.4,1,1,2022-07-15 09:06:53
1657876013189933000,34.35,1,34.35,1,34.4,1,2,2022-07-15 09:06:53
1657876013854112000,34.35,1,34.25,4,34.4,1,2,2022-07-15 09:06:53
1657876015675182000,34.3,2,34.25,4,34.3,1,1,2022-07-15 09:06:55
1657876015675427000,34.3,1,34.25,4,34.4,1,1,2022-07-15 09:06:55
1657876015826688000,34.4,1,34.25,7,34.45,1,1,2022-07-15 09:06:55
1657876018761788000,34.3,3,34.25,8,34.45,2,1,2022-07-15 09:06:58
1657876022243922000,34.35,1,34.3,15,34.45,3,1,2022-07-15 09:07:02
1657876022990572000,34.35,2,34.3,15,34.35,2,1,2022-07-15 09:07:02
1657876028357004000,34.4,1,34.35,1,34.45,3,1,2022-07-15 09:07:08
1657876028357004000,34.45,1,34.35,1,34.45,3,1,2022-07-15 09:07:08
1657876028435784000,34.35,1,34.25,9,34.45,3,2,2022-07-15 09:07:08
1657876028435784000,34.3,5,34.25,9,34.45,3,2,2022-07-15 09:07:08
1657876030386409000,34.35,1,34.35,1,34.45,3,2,2022-07-15 09:07:10
1657876030386409000,34.25,4,34.35,1,34.45,3,2,2022-07-15 09:07:10
1657876034958405000,34.3,5,34.3,1,34.4,5,2,2022-07-15 09:07:14
1657876036206307000,34.3,1,34.3,1,34.35,1,2,2022-07-15 09:07:16
1657876038088995000,34.35,1,34.35,2,34.4,6,1,2022-07-15 09:07:18
1657876041771468000,34.35,2,34.3,5,34.35,1,2,2022-07-15 09:07:21
1657876043150421000,34.35,1,34.35,2,34.4,6,1,2022-07-15 09:07:23
1657876043232088000,34.35,1,34.35,1,34.4,6,2,2022-07-15 09:07:23
1657876043256063000,34.35,1,34.3,5,34.4,6,2,2022-07-15 09:07:23
1657876043920832000,34.3,5,34.25,5,34.4,6,2,2022-07-15 09:07:23
1657876044272145000,34.25,5,34.2,11,34.4,8,2,2022-07-15 09:07:24
1657876044710057000,34.2,5,34.2,6,34.4,10,2,2022-07-15 09:07:24
1657876046041107000,34.35,1,34.2,6,34.35,2,1,2022-07-15 09:07:26
1657876046204171000,34.25,5,34.25,5,34.4,10,2,2022-07-15 09:07:26
1657876046515323000,34.25,5,34.25,5,34.35,3,2,2022-07-15 09:07:26
1657876046627309000,34.35,1,34.2,6,34.35,2,1,2022-07-15 09:07:26
1657876051076008000,34.25,1,34.25,1,34.35,4,2,2022-07-15 09:07:31
1657876051142509000,34.25,1,34.2,11,34.35,5,2,2022-07-15 09:07:31
1657876051752450000,34.35,5,34.2,11,34.4,10,1,2022-07-15 09:07:31
1657876074320506000,34.3,2,34.25,3,34.35,7,1,2022-07-15 09:07:54
1657876074356233000,34.35,7,34.25,3,34.4,10,1,2022-07-15 09:07:54
1657876082350191000,34.35,2,34.3,2,34.4,8,1,2022-07-15 09:08:02
1657876084096780000,34.35,1,34.3,2,34.4,7,1,2022-07-15 09:08:04
1657876087623561000,34.4,3,34.3,2,34.4,4,1,2022-07-15 09:08:07
1657876089916784000,34.4,4,34.3,2,34.5,13,1,2022-07-15 09:08:09
1657876089916784000,34.45,4,34.3,2,34.5,13,1,2022-07-15 09:08:09
1657876089916784000,34.5,9,34.3,2,34.5,13,1,2022-07-15 09:08:09
1657876097516420000,34.35,2,34.3,10,34.45,10,2,2022-07-15 09:08:17
1657876099156951000,34.4,1,34.3,10,34.4,4,1,2022-07-15 09:08:19
1657876105923872000,34.35,1,34.35,1,34.4,15,2,2022-07-15 09:08:25
1657876107277127000,34.35,2,34.35,1,34.4,18,2,2022-07-15 09:08:27
1657876109184313000,34.4,1,34.3,9,34.4,15,1,2022-07-15 09:08:29
1657876112281444000,34.4,1,34.3,9,34.4,14,1,2022-07-15 09:08:32
1657876112322481000,34.4,14,34.3,9,34.45,10,1,2022-07-15 09:08:32
1657876114797956000,34.45,1,34.35,3,34.45,9,1,2022-07-15 09:08:34
1657876118752067000,34.4,1,34.4,1,34.45,9,2,2022-07-15 09:08:38
1657876124181199000,34.4,2,34.35,4,34.45,9,2,2022-07-15 09:08:44
1657876127718418000,34.4,1,34.4,4,34.45,9,1,2022-07-15 09:08:47
1657876138919040000,34.4,1,34.4,9,34.45,9,2,2022-07-15 09:08:58
1657876139666250000,34.45,1,34.4,10,34.45,10,1,2022-07-15 09:08:59
1657876148079457000,34.45,1,34.4,16,34.45,9,1,2022-07-15 09:09:08
1657876149223014000,34.45,5,34.4,16,34.45,5,1,2022-07-15 09:09:09
1657876151127840000,34.45,1,34.4,16,34.45,4,1,2022-07-15 09:09:11
1657876152419333000,34.45,1,34.4,16,34.45,3,1,2022-07-15 09:09:12
1657876152448923000,34.45,3,34.4,16,34.5,17,1,2022-07-15 09:09:12
1657876153651438000,34.45,1,34.4,16,34.45,5,2,2022-07-15 09:09:13
1657876155919825000,34.45,5,34.4,16,34.5,16,1,2022-07-15 09:09:15
1657876156443730000,34.5,1,34.4,16,34.5,15,1,2022-07-15 09:09:16
1657876170779843000,34.5,19,34.5,2,34.55,11,1,2022-07-15 09:09:30
1657876170839330000,34.5,1,34.5,2,34.55,10,2,2022-07-15 09:09:30
1657876171480879000,34.5,1,34.45,4,34.55,10,2,2022-07-15 09:09:31
1657876185478530000,34.5,1,34.5,3,34.55,10,2,2022-07-15 09:09:45
1657876186414352000,34.5,1,34.5,2,34.55,10,2,2022-07-15 09:09:46
1657876189792000000,34.5,1,34.5,2,34.55,10,2,2022-07-15 09:09:49
1657876189820483000,34.5,1,34.5,1,34.55,10,2,2022-07-15 09:09:49
1657876189821380000,34.5,1,34.45,4,34.55,10,2,2022-07-15 09:09:49
1657876199865874000,34.45,2,34.45,2,34.5,6,2,2022-07-15 09:09:59
1657876199897783000,34.45,2,34.4,16,34.5,6,2,2022-07-15 09:09:59
1657876200902022000,34.5,3,34.4,16,34.5,5,1,2022-07-15 09:10:00
1657876202235258000,34.5,5,34.4,16,34.55,10,1,2022-07-15 09:10:02
1657876203368521000,34.4,3,34.4,14,34.55,10,2,2022-07-15 09:10:03
1657876211636354000,34.4,2,34.4,11,34.5,5,2,2022-07-15 09:10:11
1657876211659429000,34.4,4,34.4,7,34.45,3,2,2022-07-15 09:10:11
1657876211679674000,34.4,7,34.35,9,34.45,3,2,2022-07-15 09:10:11
1657876212719680000,34.35,8,34.3,7,34.45,7,2,2022-07-15 09:10:12
1657876212719680000,34.3,2,34.3,7,34.45,7,2,2022-07-15 09:10:12
1657876213815372000,34.3,1,34.3,6,34.4,2,2,2022-07-15 09:10:13
1657876216489049000,34.3,1,34.3,5,34.35,7,2,2022-07-15 09:10:16
1657876217586279000,34.3,3,34.3,7,34.35,7,2,2022-07-15 09:10:17
1657876219551736000,34.3,1,34.3,6,34.35,6,2,2022-07-15 09:10:19
1657876222536728000,34.35,1,34.3,6,34.35,5,1,2022-07-15 09:10:22
1657876224398326000,34.3,1,34.3,7,34.35,5,2,2022-07-15 09:10:24
1657876227939124000,34.35,1,34.3,7,34.35,9,1,2022-07-15 09:10:27
1657876233908600000,34.35,6,34.3,8,34.35,3,1,2022-07-15 09:10:33
1657876233946455000,34.35,3,34.3,8,34.4,2,1,2022-07-15 09:10:33
1657876233951998000,34.3,1,34.3,7,34.35,2,2,2022-07-15 09:10:33
1657876234013718000,34.3,1,34.3,7,34.35,2,2,2022-07-15 09:10:34
1657876235965235000,34.35,1,34.3,6,34.35,1,1,2022-07-15 09:10:35
1657876236663323000,34.3,1,34.3,5,34.35,2,2,2022-07-15 09:10:36
1657876236665182000,34.3,2,34.3,3,34.35,2,2,2022-07-15 09:10:36
1657876236717194000,34.3,1,34.3,2,34.35,2,2,2022-07-15 09:10:36
1657876236756383000,34.35,1,34.3,2,34.35,1,1,2022-07-15 09:10:36
1657876237932977000,34.35,1,34.3,2,34.4,3,1,2022-07-15 09:10:37
1657876239011067000,34.35,5,34.35,3,34.4,3,2,2022-07-15 09:10:39
1657876242799218000,34.35,1,34.35,2,34.4,4,2,2022-07-15 09:10:42
1657876246790390000,34.35,1,34.35,1,34.4,4,2,2022-07-15 09:10:46
1657876246821869000,34.35,1,34.3,3,34.4,4,2,2022-07-15 09:10:46
1657876249539669000,34.35,1,34.3,5,34.35,1,1,2022-07-15 09:10:49
1657876249576755000,34.35,1,34.3,5,34.4,3,1,2022-07-15 09:10:49
1657876249742983000,34.4,3,34.35,14,34.45,8,1,2022-07-15 09:10:49
1657876250631508000,34.35,1,34.35,13,34.45,7,2,2022-07-15 09:10:50
1657876255865888000,34.35,1,34.35,12,34.45,7,2,2022-07-15 09:10:55
1657876261398465000,34.35,1,34.35,11,34.4,1,2,2022-07-15 09:11:01
1657876262486196000,34.4,1,34.35,11,34.45,7,1,2022-07-15 09:11:02
1657876262504551000,34.45,7,34.35,11,34.5,3,1,2022-07-15 09:11:02
1657876263230380000,34.5,3,34.4,20,34.55,11,1,2022-07-15 09:11:03
1657876263294899000,34.55,11,34.4,20,34.6,4,1,2022-07-15 09:11:03
1657876263475386000,34.6,1,34.45,13,34.6,2,1,2022-07-15 09:11:03
1657876263504141000,34.6,2,34.45,13,34.65,15,1,2022-07-15 09:11:03
1657876265313686000,34.55,1,34.45,14,34.65,16,1,2022-07-15 09:11:05
1657876266299216000,34.45,5,34.45,10,34.65,16,2,2022-07-15 09:11:06
1657876269585522000,34.65,16,34.45,8,34.7,8,1,2022-07-15 09:11:09
1657876269777988000,34.7,2,34.55,9,34.7,7,1,2022-07-15 09:11:09
1657876275046405000,34.7,1,34.55,10,34.7,6,1,2022-07-15 09:11:15
1657876276875385000,34.7,1,34.55,10,34.7,5,1,2022-07-15 09:11:16
1657876276906876000,34.7,5,34.55,10,34.8,2,1,2022-07-15 09:11:16
1657876288595865000,34.7,2,34.65,15,34.7,2,1,2022-07-15 09:11:28
1657876296810612000,34.7,1,34.65,16,34.7,1,2,2022-07-15 09:11:36
1657876296894785000,34.7,1,34.65,16,34.8,5,1,2022-07-15 09:11:36
1657876305342170000,34.8,1,34.7,5,34.8,4,1,2022-07-15 09:11:45
1657876305367505000,34.8,4,34.7,5,34.9,11,1,2022-07-15 09:11:45
1657876305608138000,34.9,1,34.75,1,34.9,11,1,2022-07-15 09:11:45
1657876305635481000,34.9,1,34.75,1,34.9,10,1,2022-07-15 09:11:45
1657876305656365000,34.9,1,34.75,1,34.9,12,1,2022-07-15 09:11:45
1657876305697150000,34.9,1,34.75,1,34.9,8,1,2022-07-15 09:11:45
1657876305714524000,34.9,1,34.75,1,34.9,7,1,2022-07-15 09:11:45
1657876305755814000,34.9,1,34.75,11,34.9,6,1,2022-07-15 09:11:45
1657876305789891000,34.9,1,34.75,11,34.9,5,1,2022-07-15 09:11:45
1657876305815376000,34.9,1,34.75,11,34.9,4,1,2022-07-15 09:11:45
1657876305843584000,34.9,1,34.75,13,34.9,3,1,2022-07-15 09:11:45
1657876306144755000,34.75,1,34.75,13,34.9,4,2,2022-07-15 09:11:46
1657876306214643000,34.9,1,34.75,10,34.9,2,1,2022-07-15 09:11:46
1657876306429038000,34.9,1,34.8,11,34.9,1,1,2022-07-15 09:11:46
1657876310697208000,34.95,1,34.9,11,35.0,45,1,2022-07-15 09:11:50
1657876310825062000,34.9,1,34.9,1,35.0,45,2,2022-07-15 09:11:50
1657876311780435000,34.9,1,34.8,1,34.9,2,2,2022-07-15 09:11:51
1657876312977394000,34.9,1,34.8,1,34.9,1,1,2022-07-15 09:11:52
1657876313680131000,34.9,1,34.8,1,35.0,48,1,2022-07-15 09:11:53
1657876316457679000,34.8,1,34.8,1,34.9,23,2,2022-07-15 09:11:56
1657876317811419000,34.7,6,34.65,5,34.85,10,2,2022-07-15 09:11:57
1657876317811419000,34.65,1,34.65,5,34.85,10,2,2022-07-15 09:11:57
1657876318533715000,34.8,1,34.65,5,34.8,2,1,2022-07-15 09:11:58
1657876319239621000,34.75,1,34.65,4,34.8,6,2,2022-07-15 09:11:59
1657876323524006000,34.75,1,34.65,4,34.75,5,1,2022-07-15 09:12:03
1657876324311488000,34.75,2,34.65,4,34.75,3,1,2022-07-15 09:12:04
1657876325221902000,34.75,3,34.65,4,34.75,1,1,2022-07-15 09:12:05
1657876325996789000,34.75,2,34.65,4,34.8,7,1,2022-07-15 09:12:05
1657876328495675000,34.8,5,34.8,6,34.9,27,2,2022-07-15 09:12:08
1657876331519214000,34.8,6,34.7,13,34.9,27,2,2022-07-15 09:12:11
1657876331519214000,34.75,1,34.7,13,34.9,27,2,2022-07-15 09:12:11
1657876335949479000,34.85,1,34.8,1,34.9,27,1,2022-07-15 09:12:15
1657876341794263000,34.85,1,34.8,1,34.85,4,1,2022-07-15 09:12:21
1657876347136720000,34.8,1,34.75,4,34.85,5,2,2022-07-15 09:12:27
1657876350650176000,34.8,1,34.75,4,34.85,4,1,2022-07-15 09:12:30
1657876350784095000,34.8,1,34.75,4,34.85,4,1,2022-07-15 09:12:30
1657876353702348000,34.8,1,34.8,1,34.85,19,2,2022-07-15 09:12:33
1657876355995954000,34.8,2,34.75,7,34.85,20,1,2022-07-15 09:12:35
1657876356418789000,34.85,2,34.75,7,34.85,18,1,2022-07-15 09:12:36
1657876360318826000,34.8,1,34.75,8,34.85,39,2,2022-07-15 09:12:40
1657876360871832000,34.8,1,34.75,8,34.85,40,2,2022-07-15 09:12:40
1657876361583435000,34.85,1,34.75,8,34.85,39,1,2022-07-15 09:12:41
1657876364552643000,34.8,3,34.75,1,34.85,42,2,2022-07-15 09:12:44
1657876364552643000,34.75,7,34.75,1,34.85,42,2,2022-07-15 09:12:44
1657876368360762000,34.75,1,34.7,13,34.8,5,2,2022-07-15 09:12:48
1657876368870880000,34.7,10,34.7,3,34.8,5,2,2022-07-15 09:12:48
1657876368895175000,34.7,1,34.7,2,34.8,5,2,2022-07-15 09:12:48
1657876374788542000,34.7,5,34.65,8,34.7,15,2,2022-07-15 09:12:54
1657876374817948000,34.65,1,34.65,7,34.7,15,2,2022-07-15 09:12:54
1657876375502217000,34.7,1,34.65,7,34.7,15,1,2022-07-15 09:12:55
1657876375539731000,34.65,1,34.65,6,34.7,15,2,2022-07-15 09:12:55
1657876376327813000,34.7,1,34.65,6,34.7,15,1,2022-07-15 09:12:56
1657876376386681000,34.65,5,34.65,1,34.7,15,2,2022-07-15 09:12:56
1657876376428950000,34.65,1,34.55,4,34.7,15,2,2022-07-15 09:12:56
1657876376813253000,34.7,1,34.6,2,34.7,15,1,2022-07-15 09:12:56
1657876377462433000,34.6,1,34.6,1,34.65,1,2,2022-07-15 09:12:57
1657876380052626000,34.6,1,34.55,3,34.65,1,2,2022-07-15 09:13:00
1657876380596250000,34.65,1,34.6,9,34.7,15,1,2022-07-15 09:13:00
1657876394885278000,34.65,4,34.65,2,34.7,16,2,2022-07-15 09:13:14
1657876394914547000,34.65,2,34.6,9,34.7,16,2,2022-07-15 09:13:14
1657876394914583000,34.6,1,34.6,8,34.7,16,2,2022-07-15 09:13:14
1657876399987411000,34.6,5,34.6,3,34.65,2,2,2022-07-15 09:13:19
1657876400038119000,34.6,1,34.6,2,34.65,3,2,2022-07-15 09:13:20
1657876402380685000,34.6,2,34.55,3,34.6,3,2,2022-07-15 09:13:22
1657876403260738000,34.6,1,34.55,3,34.6,3,1,2022-07-15 09:13:23
1657876404688119000,34.6,3,34.55,4,34.65,2,1,2022-07-15 09:13:24
1657876412806408000,34.65,2,34.55,4,34.65,1,1,2022-07-15 09:13:32
1657876412834709000,34.65,1,34.55,4,34.7,14,1,2022-07-15 09:13:32
1657876414097389000,34.6,1,34.6,1,34.7,15,2,2022-07-15 09:13:34
1657876422666391000,34.6,2,34.55,4,34.6,1,2,2022-07-15 09:13:42
1657876424194506000,34.55,1,34.55,3,34.6,1,2,2022-07-15 09:13:44
1657876425525669000,34.55,1,34.55,2,34.6,4,2,2022-07-15 09:13:45
1657876426569863000,34.55,1,34.55,1,34.6,4,2,2022-07-15 09:13:46
1657876426746623000,34.6,4,34.65,5,34.7,15,1,2022-07-15 09:13:46
1657876426746623000,34.65,1,34.65,5,34.7,15,1,2022-07-15 09:13:46
1657876428492678000,34.65,5,34.55,1,34.7,15,2,2022-07-15 09:13:48
1657876434193213000,34.65,1,34.65,1,34.7,17,1,2022-07-15 09:13:54
1657876435324881000,34.65,1,34.6,2,34.65,4,2,2022-07-15 09:13:55
1657876451710692000,34.6,1,34.6,1,34.65,8,2,2022-07-15 09:14:11
1657876451732421000,34.6,1,34.55,1,34.65,8,2,2022-07-15 09:14:11
1657876457477914000,34.65,8,34.55,2,34.7,14,1,2022-07-15 09:14:17
1657876457477914000,34.7,2,34.55,2,34.7,14,1,2022-07-15 09:14:17
1657876467715213000,34.6,1,34.6,1,34.65,2,2,2022-07-15 09:14:27
1657876471618165000,34.6,1,34.55,3,34.65,2,2,2022-07-15 09:14:31
1657876477688917000,34.65,3,34.6,20,34.7,13,1,2022-07-15 09:14:37
1657876497207174000,34.65,1,34.65,1,34.7,13,1,2022-07-15 09:14:57
1657876500442870000,34.65,3,34.6,21,34.7,13,2,2022-07-15 09:15:00
1657876500468521000,34.7,13,34.6,21,34.75,1,1,2022-07-15 09:15:00
1657876501396709000,34.65,1,34.65,6,34.75,1,2,2022-07-15 09:15:01
1657876506171347000,34.75,1,34.65,6,34.8,7,1,2022-07-15 09:15:06
1657876508093472000,34.8,7,34.75,6,34.85,20,1,2022-07-15 09:15:08
1657876508154640000,34.75,1,34.75,6,34.8,7,2,2022-07-15 09:15:08
1657876520824757000,34.8,1,34.75,7,34.85,20,1,2022-07-15 09:15:20
1657876522696668000,34.85,20,34.75,7,34.95,8,1,2022-07-15 09:15:22
1657876540978694000,34.9,1,34.75,10,34.95,8,1,2022-07-15 09:15:40
1657876543798885000,34.9,1,34.9,1,34.95,7,2,2022-07-15 09:15:43
1657876545854688000,34.9,1,34.9,2,34.95,7,2,2022-07-15 09:15:45
1657876547015429000,34.95,1,34.9,4,34.95,6,1,2022-07-15 09:15:47
1657876551652997000,34.95,3,34.9,4,34.95,3,1,2022-07-15 09:15:51
1657876551751647000,34.9,1,34.9,3,34.95,3,2,2022-07-15 09:15:51
1657876554091759000,34.95,1,34.9,4,34.95,2,1,2022-07-15 09:15:54
1657876554417462000,34.9,1,34.9,3,34.95,2,2,2022-07-15 09:15:54
1657876557383845000,34.95,1,34.9,3,34.95,1,1,2022-07-15 09:15:57
1657876557816322000,34.9,3,34.75,10,34.9,2,2,2022-07-15 09:15:57
1657876560293907000,34.9,2,34.85,5,34.9,1,1,2022-07-15 09:16:00
1657876560322257000,34.9,1,34.85,5,34.95,1,1,2022-07-15 09:16:00
1657876560432527000,34.9,1,34.9,4,34.95,1,2,2022-07-15 09:16:00
1657876561363849000,34.9,3,34.85,5,34.9,3,2,2022-07-15 09:16:01
1657876563633347000,34.85,4,34.85,1,34.9,3,2,2022-07-15 09:16:03
1657876564557387000,34.9,2,34.85,1,34.9,3,1,2022-07-15 09:16:04
1657876564948502000,34.9,1,34.85,3,34.9,2,1,2022-07-15 09:16:04
1657876565625555000,34.9,2,34.85,3,34.95,1,1,2022-07-15 09:16:05
1657876567720088000,34.85,3,34.8,4,34.95,1,2,2022-07-15 09:16:07
1657876567720088000,34.8,1,34.8,4,34.95,1,2,2022-07-15 09:16:07
1657876569810223000,34.9,1,34.9,2,34.95,3,1,2022-07-15 09:16:09
1657876570305104000,34.95,1,34.9,2,34.95,1,1,2022-07-15 09:16:10
1657876577961230000,34.95,2,34.9,2,34.95,3,1,2022-07-15 09:16:17
1657876589118991000,34.9,1,34.9,7,34.95,3,2,2022-07-15 09:16:29
1657876589414216000,34.95,1,34.9,6,34.95,2,1,2022-07-15 09:16:29
1657876592624115000,34.9,1,34.9,5,34.95,2,2,2022-07-15 09:16:32
1657876593267094000,34.95,1,34.9,5,34.95,2,1,2022-07-15 09:16:33
1657876605038631000,34.9,2,34.9,4,34.95,6,2,2022-07-15 09:16:45
1657876606381137000,34.95,1,34.9,3,34.95,5,1,2022-07-15 09:16:46
1657876613932410000,34.95,1,34.9,4,34.95,10,1,2022-07-15 09:16:53
1657876615153027000,34.95,1,34.9,4,34.95,9,1,2022-07-15 09:16:55
1657876617588755000,34.95,1,34.9,4,34.95,10,1,2022-07-15 09:16:57
1657876622975742000,34.9,4,34.85,2,34.9,10,2,2022-07-15 09:17:02
1657876623253909000,34.85,1,34.85,1,34.9,10,2,2022-07-15 09:17:03
1657876624403213000,34.85,1,34.8,9,34.9,10,2,2022-07-15 09:17:04
1657876624773310000,34.9,5,34.8,9,34.9,5,1,2022-07-15 09:17:04
1657876644779291000,34.8,3,34.8,7,34.85,2,2,2022-07-15 09:17:24
1657876645746647000,34.8,1,34.8,6,34.85,2,2,2022-07-15 09:17:25
1657876648089228000,34.8,1,34.8,5,34.85,3,2,2022-07-15 09:17:28
1657876649382306000,34.8,1,34.8,4,34.85,3,2,2022-07-15 09:17:29
1657876651763728000,34.8,1,34.8,4,34.85,3,2,2022-07-15 09:17:31
1657876660600395000,34.85,1,34.8,13,34.85,2,1,2022-07-15 09:17:40
1657876662414740000,34.8,1,34.8,12,34.85,2,2,2022-07-15 09:17:42
1657876667383757000,34.8,2,34.8,11,34.85,2,2,2022-07-15 09:17:47
1657876670473949000,34.8,1,34.8,11,34.85,2,2,2022-07-15 09:17:50
1657876676134249000,34.8,3,34.8,12,34.85,3,2,2022-07-15 09:17:56
1657876679196941000,34.8,3,34.8,9,34.85,3,2,2022-07-15 09:17:59
1657876680757135000,34.8,3,34.8,6,34.85,3,2,2022-07-15 09:18:00
1657876686221895000,34.8,1,34.8,5,34.85,4,2,2022-07-15 09:18:06
1657876688485088000,34.8,2,34.8,4,34.85,5,2,2022-07-15 09:18:08
1657876689451201000,34.8,2,34.8,2,34.85,5,2,2022-07-15 09:18:09
1657876692690104000,34.8,1,34.8,1,34.85,5,2,2022-07-15 09:18:12
1657876694076018000,34.8,1,34.75,6,34.8,4,2,2022-07-15 09:18:14
1657876694112558000,34.75,1,34.75,4,34.8,4,2,2022-07-15 09:18:14
1657876698060021000,34.8,1,34.75,4,34.8,4,1,2022-07-15 09:18:18
1657876701552939000,34.75,4,34.7,7,34.75,3,2,2022-07-15 09:18:21
1657876701589779000,34.75,3,34.7,7,34.8,5,1,2022-07-15 09:18:21
1657876701619407000,34.75,1,34.7,7,34.75,1,1,2022-07-15 09:18:21
1657876701849860000,34.75,1,34.7,7,34.75,1,1,2022-07-15 09:18:21
1657876703791299000,34.8,4,34.7,7,34.85,6,1,2022-07-15 09:18:23
1657876706206357000,34.8,1,34.7,7,34.85,7,1,2022-07-15 09:18:26
1657876706242928000,34.85,7,34.7,7,34.9,3,1,2022-07-15 09:18:26
1657876706386055000,34.9,3,34.7,10,34.95,8,1,2022-07-15 09:18:26
1657876713096807000,34.75,1,34.75,5,34.9,6,2,2022-07-15 09:18:33
1657876715620650000,34.75,2,34.7,10,34.9,6,2,2022-07-15 09:18:35
1657876717853932000,34.8,1,34.75,10,34.9,7,1,2022-07-15 09:18:37
1657876717875182000,34.9,7,34.75,10,34.95,5,1,2022-07-15 09:18:37
1657876723628793000,34.9,1,34.8,5,34.95,5,1,2022-07-15 09:18:43
1657876724111500000,34.95,6,34.8,5,34.95,6,1,2022-07-15 09:18:44
1657876730263720000,34.8,1,34.8,5,35.0,52,2,2022-07-15 09:18:50
1657876730987979000,35.0,10,34.8,5,35.0,42,1,2022-07-15 09:18:50
1657876733299864000,34.95,2,34.8,6,35.0,41,1,2022-07-15 09:18:53
1657876758137627000,34.95,1,34.95,3,35.0,42,2,2022-07-15 09:19:18
1657876758182914000,34.95,3,34.9,1,34.95,1,2,2022-07-15 09:19:18
1657876760441356000,34.95,9,34.9,3,35.0,41,1,2022-07-15 09:19:20
1657876762860680000,35.0,1,34.9,5,35.0,40,1,2022-07-15 09:19:22
1657876768020938000,34.95,1,34.9,3,35.0,40,1,2022-07-15 09:19:28
1657876770308171000,34.95,1,34.9,3,35.0,40,2,2022-07-15 09:19:30
1657876771875663000,34.9,3,34.85,8,35.0,40,2,2022-07-15 09:19:31
1657876772021879000,35.0,2,34.85,6,35.0,38,1,2022-07-15 09:19:32
1657876776463804000,34.95,2,34.85,7,34.95,2,1,2022-07-15 09:19:36
1657876777004021000,34.95,2,34.85,7,34.95,1,1,2022-07-15 09:19:37
1657876784903843000,34.95,1,34.85,8,34.95,6,1,2022-07-15 09:19:44
1657876795633587000,34.9,1,34.9,4,34.95,7,2,2022-07-15 09:19:55
1657876799903294000,34.9,2,34.9,2,34.95,6,2,2022-07-15 09:19:59
1657876802927965000,34.9,1,34.9,2,34.95,6,2,2022-07-15 09:20:02
1657876803274652000,34.9,1,34.9,1,34.95,6,2,2022-07-15 09:20:03
1657876804372703000,34.9,1,34.9,1,34.95,6,2,2022-07-15 09:20:04
1657876804535060000,34.9,1,34.85,9,34.9,1,2,2022-07-15 09:20:04
1657876809085001000,34.85,2,34.85,7,34.9,2,2,2022-07-15 09:20:09
1657876813757578000,34.9,3,34.85,5,34.9,1,1,2022-07-15 09:20:13
1657876820705673000,34.9,1,34.85,5,35.0,32,1,2022-07-15 09:20:20
1657876820705673000,34.95,3,34.85,5,35.0,32,1,2022-07-15 09:20:20
1657876820705673000,35.0,6,34.85,5,35.0,32,1,2022-07-15 09:20:20
1657876820929151000,34.95,1,34.9,11,35.0,32,1,2022-07-15 09:20:20
1657876820963598000,34.9,1,34.9,10,35.0,32,2,2022-07-15 09:20:20
1657876821018623000,34.95,1,34.9,10,34.95,1,1,2022-07-15 09:20:21
1657876821018623000,35.0,16,34.9,10,34.95,1,1,2022-07-15 09:20:21
1657876822980646000,34.9,1,34.9,9,35.0,21,2,2022-07-15 09:20:22
1657876822987958000,35.0,2,34.9,9,35.0,19,1,2022-07-15 09:20:22
1657876825443847000,34.95,1,34.9,9,34.95,1,1,2022-07-15 09:20:25
1657876826013975000,34.95,1,34.95,1,35.0,19,1,2022-07-15 09:20:26
1657876829991763000,35.0,19,35.0,1,35.05,4,1,2022-07-15 09:20:29
1657876830090625000,35.05,2,35.0,1,35.05,2,1,2022-07-15 09:20:30
1657876830425033000,35.05,1,35.0,1,35.05,1,1,2022-07-15 09:20:30
1657876830572458000,35.05,1,35.0,11,35.1,15,1,2022-07-15 09:20:30
1657876830607510000,35.1,15,35.0,11,35.15,31,1,2022-07-15 09:20:30
1657876830795978000,35.15,12,35.0,4,35.15,19,1,2022-07-15 09:20:30
1657876830829229000,35.15,19,35.0,5,35.15,19,1,2022-07-15 09:20:30
1657876833251988000,35.2,21,35.1,2,35.3,12,1,2022-07-15 09:20:33
1657876833612186000,35.15,1,35.1,2,35.15,1,1,2022-07-15 09:20:33
1657876835808328000,35.3,1,35.25,2,35.3,12,1,2022-07-15 09:20:35
1657876835934720000,35.3,8,35.25,2,35.3,4,1,2022-07-15 09:20:35
1657876836657213000,35.25,1,35.25,1,35.3,4,2,2022-07-15 09:20:36
1657876836941860000,35.3,2,35.25,1,35.3,2,1,2022-07-15 09:20:36
1657876837033946000,35.3,2,35.25,1,35.35,5,1,2022-07-15 09:20:37
1657876837033946000,35.35,1,35.25,1,35.35,5,1,2022-07-15 09:20:37
1657876839760842000,35.35,1,35.25,1,35.35,3,1,2022-07-15 09:20:39
1657876839887552000,35.35,2,35.25,1,35.35,1,1,2022-07-15 09:20:39
1657876840134295000,35.3,1,35.1,1,35.25,3,2,2022-07-15 09:20:40
1657876840134295000,35.25,1,35.1,1,35.25,3,2,2022-07-15 09:20:40
1657876840159696000,35.25,3,35.1,1,35.35,1,1,2022-07-15 09:20:40
1657876840260521000,35.35,2,35.15,10,35.4,12,1,2022-07-15 09:20:40
1657876840260521000,35.4,1,35.15,10,35.4,12,1,2022-07-15 09:20:40
1657876840555571000,35.3,1,35.25,8,35.3,1,1,2022-07-15 09:20:40
1657876841715330000,35.4,8,35.35,5,35.4,4,1,2022-07-15 09:20:41
1657876842477570000,35.35,2,35.35,3,35.4,4,2,2022-07-15 09:20:42
1657876842859853000,35.35,3,35.3,12,35.35,2,2,2022-07-15 09:20:42
1657876842962308000,35.35,1,35.3,12,35.35,1,1,2022-07-15 09:20:42
1657876844109922000,35.35,2,35.3,12,35.4,4,1,2022-07-15 09:20:44
1657876844904384000,35.3,1,35.3,11,35.4,4,2,2022-07-15 09:20:44
1657876846511287000,35.4,3,35.35,3,35.4,1,1,2022-07-15 09:20:46
1657876847077533000,35.35,1,35.35,4,35.4,1,2,2022-07-15 09:20:47
1657876847258200000,35.35,2,35.35,2,35.4,1,2,2022-07-15 09:20:47
1657876848129964000,35.4,1,35.4,1,35.45,20,1,2022-07-15 09:20:48
1657876848296153000,35.4,1,35.35,2,35.45,20,2,2022-07-15 09:20:48
1657876850870098000,35.45,6,35.35,3,35.45,14,1,2022-07-15 09:20:50
1657876851044722000,35.45,10,35.35,5,35.45,4,1,2022-07-15 09:20:51
1657876851070071000,35.45,4,35.35,5,35.45,14,1,2022-07-15 09:20:51
1657876852025946000,35.5,2,35.35,5,35.5,14,1,2022-07-15 09:20:52
1657876852084636000,35.5,1,35.35,6,35.5,13,1,2022-07-15 09:20:52
1657876852084939000,35.5,3,35.35,6,35.5,10,1,2022-07-15 09:20:52
1657876852086440000,35.5,2,35.35,6,35.5,8,1,2022-07-15 09:20:52
1657876852109455000,35.5,3,35.35,6,35.5,5,1,2022-07-15 09:20:52
1657876852132788000,35.5,2,35.35,6,35.5,3,1,2022-07-15 09:20:52
1657876852145624000,35.5,3,35.35,6,35.55,4,1,2022-07-15 09:20:52
1657876852238347000,35.55,5,35.4,7,35.6,7,1,2022-07-15 09:20:52
1657876852274996000,35.6,6,35.4,9,35.6,1,1,2022-07-15 09:20:52
1657876852279864000,35.6,1,35.4,9,35.65,5,1,2022-07-15 09:20:52
1657876852279864000,35.65,4,35.4,9,35.65,5,1,2022-07-15 09:20:52
1657876852283275000,35.65,1,35.4,9,35.65,4,1,2022-07-15 09:20:52
1657876852326918000,35.55,1,35.55,1,35.65,4,2,2022-07-15 09:20:52
1657876852327332000,35.65,1,35.55,1,35.65,3,1,2022-07-15 09:20:52
1657876852401192000,35.65,3,35.55,2,35.7,12,1,2022-07-15 09:20:52
1657876852401192000,35.7,2,35.55,2,35.7,12,1,2022-07-15 09:20:52
1657876852485952000,35.7,1,35.55,3,35.7,11,1,2022-07-15 09:20:52
1657876852511689000,35.7,1,35.55,3,35.7,10,1,2022-07-15 09:20:52
1657876853484064000,35.7,3,35.6,5,35.7,7,1,2022-07-15 09:20:53
1657876853510512000,35.7,7,35.6,5,35.8,3,1,2022-07-15 09:20:53
1657876854289423000,35.6,1,35.6,6,35.8,3,2,2022-07-15 09:20:54
1657876854437347000,35.8,3,35.6,6,35.85,5,1,2022-07-15 09:20:54
1657876854610181000,35.85,2,35.65,3,35.85,3,1,2022-07-15 09:20:54
1657876854620810000,35.85,1,35.65,3,35.85,2,1,2022-07-15 09:20:54
1657876854695764000,35.7,1,35.65,5,35.7,1,1,2022-07-15 09:20:54
1657876854799508000,35.7,2,35.7,4,35.85,2,2,2022-07-15 09:20:54
1657876855344130000,35.7,4,35.7,1,35.85,2,2,2022-07-15 09:20:55
1657876855378374000,35.7,1,35.65,9,35.85,2,2,2022-07-15 09:20:55
1657876855434276000,35.65,1,35.65,8,35.85,2,2,2022-07-15 09:20:55
1657876855571115000,35.8,1,35.65,6,35.85,1,1,2022-07-15 09:20:55
1657876855571115000,35.85,1,35.65,6,35.85,1,1,2022-07-15 09:20:55
1657876856269709000,35.85,1,35.65,7,35.9,1,1,2022-07-15 09:20:56
1657876856269709000,35.9,1,35.65,7,35.9,1,1,2022-07-15 09:20:56
1657876856840573000,35.75,2,35.7,1,35.75,9,2,2022-07-15 09:20:56
1657876858269486000,35.65,8,35.6,4,35.7,5,2,2022-07-15 09:20:58
1657876859638244000,35.6,4,35.6,4,35.65,1,2,2022-07-15 09:20:59
1657876861851074000,35.6,1,35.55,13,35.65,1,1,2022-07-15 09:21:01
1657876861851074000,35.65,4,35.55,13,35.65,1,1,2022-07-15 09:21:01
1657876862293925000,35.6,5,35.55,13,35.65,1,1,2022-07-15 09:21:02
1657876862293941000,35.55,13,35.5,1,35.65,1,2,2022-07-15 09:21:02
1657876862317674000,35.6,1,35.6,4,35.65,7,2,2022-07-15 09:21:02
1657876863781391000,35.6,5,35.6,23,35.65,5,2,2022-07-15 09:21:03
1657876863863767000,35.6,2,35.6,21,35.65,4,2,2022-07-15 09:21:03
1657876863897982000,35.6,10,35.6,11,35.65,4,2,2022-07-15 09:21:03
1657876863919160000,35.6,11,35.5,1,35.65,4,2,2022-07-15 09:21:03
1657876864122170000,35.6,1,35.5,1,35.65,11,2,2022-07-15 09:21:04
1657876865841223000,35.5,2,35.5,4,35.6,10,2,2022-07-15 09:21:05
1657876865877448000,35.5,2,35.5,2,35.6,10,2,2022-07-15 09:21:05
1657876865942432000,35.5,1,35.5,1,35.6,10,2,2022-07-15 09:21:05
1657876866117760000,35.5,1,35.5,1,35.55,8,2,2022-07-15 09:21:06
1657876866964621000,35.55,1,35.5,1,35.55,12,1,2022-07-15 09:21:06
1657876866969930000,35.5,1,35.4,4,35.55,12,2,2022-07-15 09:21:06
1657876867071462000,35.4,2,35.4,2,35.5,1,2,2022-07-15 09:21:07
1657876869316932000,35.4,3,35.3,13,35.45,7,2,2022-07-15 09:21:09
1657876869316932000,35.35,7,35.3,13,35.45,7,2,2022-07-15 09:21:09
1657876869316932000,35.3,1,35.3,13,35.45,7,2,2022-07-15 09:21:09
1657876869461471000,35.45,1,35.3,13,35.45,8,1,2022-07-15 09:21:09
1657876869619105000,35.45,5,35.3,13,35.45,4,1,2022-07-15 09:21:09
1657876869643142000,35.45,1,35.3,13,35.45,3,1,2022-07-15 09:21:09
1657876869974188000,35.3,1,35.3,12,35.4,6,2,2022-07-15 09:21:09
1657876870177943000,35.3,1,35.3,13,35.4,6,2,2022-07-15 09:21:10
1657876872629472000,35.3,1,35.3,11,35.4,6,2,2022-07-15 09:21:12
1657876875930664000,35.4,1,35.3,10,35.4,5,1,2022-07-15 09:21:15
1657876876979631000,35.3,1,35.3,10,35.4,5,2,2022-07-15 09:21:16
1657876878952483000,35.4,1,35.3,10,35.4,7,1,2022-07-15 09:21:18
1657876880095065000,35.3,10,35.3,1,35.4,7,2,2022-07-15 09:21:20
1657876880125559000,35.3,1,35.1,1,35.4,7,2,2022-07-15 09:21:20
1657876880490642000,35.3,2,35.1,2,35.3,4,1,2022-07-15 09:21:20
1657876882434113000,35.25,1,35.1,2,35.3,4,1,2022-07-15 09:21:22
1657876882996579000,35.1,1,35.1,1,35.3,5,2,2022-07-15 09:21:22
1657876884391014000,35.3,5,35.05,4,35.4,6,1,2022-07-15 09:21:24
1657876884391014000,35.35,2,35.05,4,35.4,6,1,2022-07-15 09:21:24
1657876884391014000,35.4,3,35.05,4,35.4,6,1,2022-07-15 09:21:24
1657876887466137000,35.25,1,35.05,2,35.3,8,1,2022-07-15 09:21:27
1657876887466137000,35.3,1,35.05,2,35.3,8,1,2022-07-15 09:21:27
1657876889603693000,35.25,1,35.1,21,35.25,4,1,2022-07-15 09:21:29
1657876891348546000,35.25,1,35.15,2,35.25,3,1,2022-07-15 09:21:31
1657876891787768000,35.25,4,35.25,1,35.3,10,1,2022-07-15 09:21:31
1657876896371858000,35.3,10,35.25,6,35.3,1,1,2022-07-15 09:21:36
1657876896399229000,35.3,1,35.25,7,35.35,2,1,2022-07-15 09:21:36
1657876896403176000,35.25,1,35.25,6,35.35,2,2,2022-07-15 09:21:36
1657876897148783000,35.35,1,35.25,5,35.35,2,1,2022-07-15 09:21:37
1657876899961091000,35.3,2,35.3,2,35.35,1,2,2022-07-15 09:21:39
1657876899986729000,35.3,2,35.25,5,35.35,1,2,2022-07-15 09:21:39
1657876906947822000,35.3,1,35.25,7,35.3,4,1,2022-07-15 09:21:46
1657876907005228000,35.25,1,35.25,6,35.3,5,2,2022-07-15 09:21:47
1657876909457687000,35.25,1,35.25,8,35.3,7,2,2022-07-15 09:21:49
1657876913058326000,35.3,3,35.25,8,35.3,4,1,2022-07-15 09:21:53
1657876913860938000,35.25,1,35.25,7,35.3,4,2,2022-07-15 09:21:53
1657876913962175000,35.3,1,35.25,7,35.3,3,1,2022-07-15 09:21:53
1657876918251053000,35.3,1,35.25,7,35.3,7,1,2022-07-15 09:21:58
1657876919748140000,35.3,3,35.25,7,35.3,4,1,2022-07-15 09:21:59
1657876921356023000,35.25,7,35.2,1,35.25,2,2,2022-07-15 09:22:01
1657876921598828000,35.25,2,35.2,1,35.3,1,1,2022-07-15 09:22:01
1657876921598828000,35.3,3,35.2,1,35.3,1,1,2022-07-15 09:22:01
1657876923734387000,35.3,2,35.2,1,35.3,4,1,2022-07-15 09:22:03
1657876924650321000,35.2,1,35.15,6,35.3,4,2,2022-07-15 09:22:04
1657876926048886000,35.25,1,35.15,6,35.25,3,1,2022-07-15 09:22:06
1657876927690735000,35.25,1,35.15,5,35.25,2,1,2022-07-15 09:22:07
1657876928879101000,35.25,3,35.25,2,35.3,9,1,2022-07-15 09:22:08
1657876928907611000,35.25,2,35.15,2,35.3,9,2,2022-07-15 09:22:08
1657876930821601000,35.2,1,35.25,2,35.3,10,1,2022-07-15 09:22:10
1657876930821601000,35.25,2,35.25,2,35.3,10,1,2022-07-15 09:22:10
1657876930926760000,35.25,1,35.25,1,35.3,10,2,2022-07-15 09:22:10
1657876931968776000,35.25,1,35.15,2,35.3,10,2,2022-07-15 09:22:11
1657876943046859000,35.25,1,35.15,4,35.25,2,1,2022-07-15 09:22:23
1657876954716651000,35.2,2,35.15,5,35.2,6,1,2022-07-15 09:22:34
1657876958905976000,35.2,1,35.15,5,35.2,5,1,2022-07-15 09:22:38
1657876960693885000,35.15,5,35.1,5,35.2,9,2,2022-07-15 09:22:40
1657876966531296000,35.15,1,35.1,10,35.15,1,1,2022-07-15 09:22:46
1657876966791723000,35.15,1,35.15,1,35.2,8,1,2022-07-15 09:22:46
1657876970564519000,35.2,1,35.15,2,35.2,7,1,2022-07-15 09:22:50
1657876971818539000,35.15,1,35.15,1,35.2,7,2,2022-07-15 09:22:51
1657876971844745000,35.15,1,35.1,10,35.2,7,2,2022-07-15 09:22:51
1657876978281714000,35.15,1,35.1,15,35.2,10,1,2022-07-15 09:22:58
1657876979209622000,35.2,3,35.1,15,35.2,7,1,2022-07-15 09:22:59
1657876979310494000,35.15,1,35.1,15,35.2,7,1,2022-07-15 09:22:59
1657876981341612000,35.2,1,35.15,2,35.2,6,1,2022-07-15 09:23:01
1657876988689252000,35.15,1,35.15,2,35.2,7,2,2022-07-15 09:23:08
1657876990198837000,35.15,1,35.15,1,35.2,9,2,2022-07-15 09:23:10
1657876990236048000,35.15,1,35.1,15,35.2,10,2,2022-07-15 09:23:10
1657876991161851000,35.2,1,35.15,2,35.2,9,1,2022-07-15 09:23:11
1657876992476369000,35.15,2,35.1,15,35.2,8,2,2022-07-15 09:23:12
1657877001113793000,35.15,1,35.1,20,35.15,3,1,2022-07-15 09:23:21
1657877003459615000,35.1,20,35.05,7,35.15,3,2,2022-07-15 09:23:23
1657877003459615000,35.05,10,35.05,7,35.15,3,2,2022-07-15 09:23:23
1657877003579790000,35.1,1,35.05,7,35.15,6,1,2022-07-15 09:23:23
1657877005469872000,35.1,1,35.05,7,35.1,8,1,2022-07-15 09:23:25
1657877010873628000,35.05,2,35.05,5,35.1,7,2,2022-07-15 09:23:30
1657877011247877000,35.1,1,35.05,5,35.1,6,1,2022-07-15 09:23:31
1657877011303998000,35.05,1,35.05,4,35.1,6,2,2022-07-15 09:23:31
1657877011610490000,35.05,1,35.05,3,35.1,6,2,2022-07-15 09:23:31
1657877016435829000,35.05,3,35.0,20,35.05,2,2,2022-07-15 09:23:36
1657877022939822000,35.0,1,35.0,19,35.05,4,2,2022-07-15 09:23:42
1657877023977547000,35.05,1,35.0,19,35.05,4,1,2022-07-15 09:23:43
1657877037680111000,35.05,1,35.0,19,35.05,6,1,2022-07-15 09:23:57
1657877037714423000,35.0,1,35.0,18,35.05,6,2,2022-07-15 09:23:57
1657877037743896000,35.0,18,34.95,3,35.05,6,2,2022-07-15 09:23:57
1657877039737146000,34.95,1,34.95,1,35.0,7,2,2022-07-15 09:23:59
1657877040214474000,34.95,1,34.9,8,35.0,12,2,2022-07-15 09:24:00
1657877040339362000,34.9,5,34.9,4,34.95,2,2,2022-07-15 09:24:00
1657877040357220000,34.9,2,34.9,2,34.95,2,2,2022-07-15 09:24:00
1657877040502820000,34.9,1,34.9,1,34.95,1,2,2022-07-15 09:24:00
1657877040513520000,34.9,1,34.85,6,34.95,2,2,2022-07-15 09:24:00
1657877040577970000,34.85,1,34.85,5,34.95,1,2,2022-07-15 09:24:00
1657877056090802000,34.95,2,34.9,1,34.95,1,1,2022-07-15 09:24:16
1657877059928046000,34.95,1,34.9,1,35.0,6,1,2022-07-15 09:24:19
1657877074015940000,34.95,1,34.9,8,34.95,1,1,2022-07-15 09:24:34
1657877074053784000,34.95,1,34.9,8,35.0,12,1,2022-07-15 09:24:34
1657877078257004000,34.95,1,34.95,5,35.0,13,2,2022-07-15 09:24:38
1657877080176811000,34.95,1,34.95,5,35.0,13,2,2022-07-15 09:24:40
1657877081942010000,35.0,2,34.95,5,35.0,11,1,2022-07-15 09:24:41
1657877081980840000,34.95,1,34.95,4,35.0,11,2,2022-07-15 09:24:41
1657877086126057000,34.95,1,34.95,3,35.0,11,2,2022-07-15 09:24:46
1657877086167448000,34.95,1,34.95,2,35.0,12,2,2022-07-15 09:24:46
1657877086186209000,34.95,1,34.95,1,35.0,12,2,2022-07-15 09:24:46
1657877086220921000,34.95,1,34.9,8,35.0,11,2,2022-07-15 09:24:46
1657877086582257000,34.95,1,34.9,8,34.95,2,1,2022-07-15 09:24:46
1657877089225195000,34.95,1,34.9,8,34.95,1,1,2022-07-15 09:24:49
1657877091510756000,34.95,1,34.9,9,35.0,10,1,2022-07-15 09:24:51
1657877091510756000,35.0,1,34.9,9,35.0,10,1,2022-07-15 09:24:51
1657877091541214000,35.0,10,34.9,9,35.05,6,1,2022-07-15 09:24:51
1657877098347033000,34.95,1,34.95,2,35.0,2,2,2022-07-15 09:24:58
1657877100161027000,34.95,1,34.9,9,35.0,2,2,2022-07-15 09:25:00
1657877103096234000,34.95,1,34.9,9,34.95,2,1,2022-07-15 09:25:03
1657877107043786000,34.95,1,34.9,10,34.95,2,1,2022-07-15 09:25:07
1657877110780164000,34.95,1,34.9,10,34.95,2,1,2022-07-15 09:25:10
1657877111570020000,34.95,1,34.9,10,34.95,1,1,2022-07-15 09:25:11
1657877116213550000,34.95,1,34.9,10,35.0,2,1,2022-07-15 09:25:16
1657877120237476000,34.9,3,34.9,9,35.0,2,2,2022-07-15 09:25:20
1657877137401648000,34.9,1,34.9,9,35.0,7,2,2022-07-15 09:25:37
1657877137430686000,34.9,2,34.9,7,35.0,7,2,2022-07-15 09:25:37
1657877137541410000,34.9,6,34.85,8,34.95,2,2,2022-07-15 09:25:37
1657877137643340000,34.85,6,34.85,7,34.9,1,2,2022-07-15 09:25:37
1657877143942592000,34.85,1,34.8,9,34.9,1,2,2022-07-15 09:25:43
1657877148912896000,34.9,1,34.8,10,34.95,3,1,2022-07-15 09:25:48
1657877153037838000,34.85,1,34.8,10,34.95,3,1,2022-07-15 09:25:53
1657877172449021000,34.85,1,34.85,3,34.95,5,2,2022-07-15 09:26:12
1657877176365733000,34.9,1,34.85,3,34.95,5,1,2022-07-15 09:26:16
1657877209123865000,34.85,1,34.85,4,34.95,8,2,2022-07-15 09:26:49
1657877209261970000,34.95,1,34.85,4,34.95,7,1,2022-07-15 09:26:49
1657877214183281000,34.85,4,34.75,10,34.8,6,2,2022-07-15 09:26:54
1657877214183281000,34.8,10,34.75,10,34.8,6,2,2022-07-15 09:26:54
1657877214308784000,34.75,1,34.75,9,34.8,8,2,2022-07-15 09:26:54
1657877214664523000,34.75,9,34.65,13,34.8,9,2,2022-07-15 09:26:54
1657877214664523000,34.7,29,34.65,13,34.8,9,2,2022-07-15 09:26:54
1657877214664523000,34.65,5,34.65,13,34.8,9,2,2022-07-15 09:26:54
1657877214713577000,34.75,1,34.65,13,34.75,1,1,2022-07-15 09:26:54
1657877214908493000,34.65,1,34.65,12,34.75,3,2,2022-07-15 09:26:54
1657877215134600000,34.7,1,34.65,12,34.7,1,1,2022-07-15 09:26:55
1657877215571757000,34.65,12,34.6,1,34.75,3,2,2022-07-15 09:26:55
1657877215571757000,34.6,2,34.6,1,34.75,3,2,2022-07-15 09:26:55
1657877215572093000,34.6,1,34.5,29,34.55,1,2,2022-07-15 09:26:55
1657877215572093000,34.55,2,34.5,29,34.55,1,2,2022-07-15 09:26:55
1657877215604411000,34.55,1,34.5,29,34.75,3,1,2022-07-15 09:26:55
1657877215614586000,34.5,1,34.5,28,34.55,2,2,2022-07-15 09:26:55
1657877215679562000,34.55,1,34.5,28,34.55,2,1,2022-07-15 09:26:55
1657877219107597000,34.55,1,34.5,28,34.75,3,1,2022-07-15 09:26:59
1657877219323737000,34.7,2,34.55,5,34.75,4,1,2022-07-15 09:26:59
1657877219447876000,34.7,4,34.55,10,34.75,4,1,2022-07-15 09:26:59
1657877220131684000,34.7,4,34.55,5,34.75,5,1,2022-07-15 09:27:00
1657877220354123000,34.7,1,34.55,4,34.7,6,1,2022-07-15 09:27:00
1657877221469773000,34.7,1,34.6,2,34.7,5,1,2022-07-15 09:27:01
1657877221495966000,34.7,5,34.6,2,34.75,4,1,2022-07-15 09:27:01
1657877222976919000,34.6,1,34.6,1,34.75,4,2,2022-07-15 09:27:02
1657877231506035000,34.6,2,34.55,8,34.6,5,2,2022-07-15 09:27:11
1657877231538983000,34.6,5,34.55,8,34.75,5,1,2022-07-15 09:27:11
1657877231542856000,34.6,1,34.6,4,34.75,5,2,2022-07-15 09:27:11
1657877231573305000,34.6,1,34.6,3,34.75,5,2,2022-07-15 09:27:11
1657877233176345000,34.7,1,34.7,1,34.75,5,1,2022-07-15 09:27:13
1657877246176915000,34.7,1,34.65,4,34.75,5,2,2022-07-15 09:27:26
1657877261679457000,34.7,1,34.65,8,34.7,2,1,2022-07-15 09:27:41
1657877261712168000,34.7,2,34.65,8,34.75,5,1,2022-07-15 09:27:41
1657877284864639000,34.7,3,34.7,20,34.75,9,2,2022-07-15 09:28:04
1657877286766657000,34.75,5,34.7,20,34.75,4,1,2022-07-15 09:28:06
1657877286794755000,34.75,4,34.7,20,34.8,13,1,2022-07-15 09:28:06
1657877303199121000,34.75,1,34.75,10,34.8,11,2,2022-07-15 09:28:23
1657877303215102000,34.75,1,34.75,9,34.8,10,2,2022-07-15 09:28:23
1657877304200489000,34.75,1,34.75,8,34.8,9,2,2022-07-15 09:28:24
1657877304215532000,34.75,1,34.75,7,34.8,8,2,2022-07-15 09:28:24
1657877307311910000,34.8,1,34.75,9,34.8,7,1,2022-07-15 09:28:27
1657877311098184000,34.8,5,34.75,10,34.8,2,1,2022-07-15 09:28:31
1657877311118411000,34.8,2,34.75,10,34.85,1,1,2022-07-15 09:28:31
1657877313221661000,34.8,1,34.8,4,34.85,1,1,2022-07-15 09:28:33
1657877313561363000,34.8,1,34.8,3,34.85,1,2,2022-07-15 09:28:33
1657877319998801000,34.85,1,34.8,14,34.9,2,1,2022-07-15 09:28:39
1657877335982152000,34.85,2,34.85,1,34.9,3,2,2022-07-15 09:28:55
1657877336004063000,34.85,1,34.8,6,34.9,3,2,2022-07-15 09:28:56
1657877336170834000,34.8,6,34.75,14,34.85,4,2,2022-07-15 09:28:56
1657877336174493000,34.85,1,34.75,14,34.85,3,1,2022-07-15 09:28:56
1657877339496622000,34.85,1,34.75,13,34.85,6,1,2022-07-15 09:28:59
1657877346625793000,34.8,1,34.75,12,34.8,2,1,2022-07-15 09:29:06
1657877350394780000,34.75,1,34.75,11,34.8,1,2,2022-07-15 09:29:10
1657877353955213000,34.75,1,34.75,6,34.8,1,2,2022-07-15 09:29:13
1657877361178513000,34.75,1,34.75,5,34.8,1,2,2022-07-15 09:29:21
1657877371070185000,34.8,2,34.75,10,34.85,3,1,2022-07-15 09:29:31
1657877373667719000,34.75,4,34.75,6,34.85,1,2,2022-07-15 09:29:33
1657877385280595000,34.75,3,34.75,9,34.8,1,2,2022-07-15 09:29:45
1657877393445543000,34.75,3,34.75,12,34.8,3,2,2022-07-15 09:29:53
1657877394176734000,34.75,1,34.75,11,34.8,3,2,2022-07-15 09:29:54
1657877398828060000,34.75,2,34.75,9,34.8,3,2,2022-07-15 09:29:58
1657877399866163000,34.75,2,34.75,7,34.8,4,2,2022-07-15 09:29:59
1657877399902741000,34.75,7,34.7,16,34.8,4,2,2022-07-15 09:29:59
1657877400379781000,34.7,3,34.7,12,34.75,5,2,2022-07-15 09:30:00
1657877400411155000,34.7,2,34.7,10,34.75,5,2,2022-07-15 09:30:00
1657877400419929000,34.7,1,34.7,9,34.75,5,2,2022-07-15 09:30:00
1657877400421689000,34.7,9,34.65,6,34.75,5,2,2022-07-15 09:30:00
1657877407748804000,34.65,4,34.65,1,34.75,8,2,2022-07-15 09:30:07
1657877407781800000,34.65,1,34.6,10,34.75,8,2,2022-07-15 09:30:07
1657877410122704000,34.6,2,34.6,8,34.75,9,2,2022-07-15 09:30:10
1657877411102214000,34.6,8,34.55,8,34.7,5,2,2022-07-15 09:30:11
1657877412398917000,34.7,1,34.55,7,34.7,9,1,2022-07-15 09:30:12
1657877417458555000,34.55,5,34.55,1,34.65,1,2,2022-07-15 09:30:17
1657877417498076000,34.55,1,34.5,39,34.65,1,2,2022-07-15 09:30:17
1657877417710118000,34.6,2,34.5,39,34.65,3,2,2022-07-15 09:30:17
1657877417806647000,34.6,1,34.5,39,34.65,3,2,2022-07-15 09:30:17
1657877422376165000,34.5,1,34.5,39,34.6,7,2,2022-07-15 09:30:22
1657877426297921000,34.5,2,34.5,37,34.55,2,2,2022-07-15 09:30:26
1657877427176786000,34.5,1,34.5,36,34.55,2,2,2022-07-15 09:30:27
1657877427843847000,34.55,1,34.5,36,34.55,1,1,2022-07-15 09:30:27
1657877431118474000,34.55,1,34.5,36,34.6,8,1,2022-07-15 09:30:31
1657877434359693000,34.55,1,34.5,37,34.6,8,2,2022-07-15 09:30:34
1657877436838078000,34.5,3,34.5,34,34.6,8,2,2022-07-15 09:30:36
1657877444271238000,34.5,3,34.5,31,34.6,8,2,2022-07-15 09:30:44
1657877445660344000,34.5,5,34.5,26,34.6,10,2,2022-07-15 09:30:45
1657877447275909000,34.5,4,34.5,22,34.55,1,2,2022-07-15 09:30:47
1657877447812059000,34.5,1,34.5,21,34.55,1,2,2022-07-15 09:30:47
1657877449808625000,34.55,1,34.5,21,34.6,10,1,2022-07-15 09:30:49
1657877449808625000,34.6,2,34.5,21,34.6,10,1,2022-07-15 09:30:49
1657877450017791000,34.5,5,34.5,16,34.6,10,2,2022-07-15 09:30:50
1657877451357554000,34.5,2,34.5,14,34.6,10,2,2022-07-15 09:30:51
1657877457815266000,34.5,4,34.5,10,34.6,11,2,2022-07-15 09:30:57
1657877458128554000,34.5,2,34.5,8,34.6,11,2,2022-07-15 09:30:58
1657877459134670000,34.5,2,34.5,6,34.6,11,2,2022-07-15 09:30:59
1657877460559132000,34.5,1,34.5,5,34.6,11,2,2022-07-15 09:31:00
1657877465421134000,34.5,1,34.5,4,34.55,1,2,2022-07-15 09:31:05
1657877467560389000,34.55,1,34.5,4,34.6,11,1,2022-07-15 09:31:07
1657877475648307000,34.6,2,34.5,4,34.6,9,1,2022-07-15 09:31:15
1657877495147536000,34.6,1,34.55,4,34.6,20,1,2022-07-15 09:31:35
1657877496739655000,34.55,1,34.55,3,34.6,20,2,2022-07-15 09:31:36
1657877498041260000,34.6,5,34.55,3,34.6,16,1,2022-07-15 09:31:38
1657877498714534000,34.6,1,34.55,3,34.6,15,1,2022-07-15 09:31:38
1657877499643904000,34.55,1,34.55,3,34.6,15,2,2022-07-15 09:31:39
1657877500547456000,34.55,1,34.55,2,34.6,14,2,2022-07-15 09:31:40
1657877509530901000,34.6,5,34.55,3,34.6,9,1,2022-07-15 09:31:49
1657877514661885000,34.6,2,34.55,3,34.6,7,1,2022-07-15 09:31:54
1657877517436984000,34.6,7,34.55,4,34.65,2,1,2022-07-15 09:31:57
1657877517704272000,34.55,4,34.55,5,34.65,2,2,2022-07-15 09:31:57
1657877523132215000,34.6,1,34.6,4,34.65,2,2,2022-07-15 09:32:03
1657877526791551000,34.6,3,34.6,1,34.65,2,2,2022-07-15 09:32:06
1657877526918288000,34.6,1,34.55,1,34.65,2,2,2022-07-15 09:32:06
1657877533978856000,34.5,3,34.5,19,34.6,5,2,2022-07-15 09:32:13
1657877535347051000,34.55,1,34.5,19,34.6,5,2,2022-07-15 09:32:15
1657877536032464000,34.55,1,34.5,19,34.6,5,2,2022-07-15 09:32:16
1657877538597751000,34.5,3,34.5,16,34.6,5,2,2022-07-15 09:32:18
1657877539688082000,34.55,1,34.5,20,34.6,5,2,2022-07-15 09:32:19
1657877544801382000,34.5,3,34.5,17,34.6,5,2,2022-07-15 09:32:24
1657877553957217000,34.5,8,34.5,20,34.6,6,2,2022-07-15 09:32:33
1657877564307779000,34.55,3,34.55,2,34.6,6,2,2022-07-15 09:32:44
1657877573307133000,34.55,1,34.55,2,34.6,6,2,2022-07-15 09:32:53
1657877575518631000,34.55,2,34.5,31,34.55,2,2,2022-07-15 09:32:55
1657877579462975000,34.55,1,34.5,31,34.55,1,1,2022-07-15 09:32:59
1657877581220643000,34.55,1,34.55,2,34.6,7,1,2022-07-15 09:33:01
1657877599893843000,34.55,3,34.55,3,34.6,6,2,2022-07-15 09:33:19
1657877605589490000,34.55,3,34.55,3,34.6,6,2,2022-07-15 09:33:25
1657877617747905000,34.55,3,34.55,8,34.6,6,2,2022-07-15 09:33:37
1657877634517828000,34.6,2,34.55,19,34.6,4,1,2022-07-15 09:33:54
1657877634528980000,34.6,4,34.55,19,34.65,3,1,2022-07-15 09:33:54
1657877645474334000,34.6,1,34.6,12,34.65,3,2,2022-07-15 09:34:05
1657877650339924000,34.6,3,34.6,9,34.65,4,2,2022-07-15 09:34:10
1657877652620586000,34.6,3,34.6,6,34.65,4,2,2022-07-15 09:34:12
1657877652650334000,34.6,6,34.55,13,34.65,4,2,2022-07-15 09:34:12
1657877657254683000,34.55,3,34.55,14,34.6,4,2,2022-07-15 09:34:17
1657877693556097000,34.55,5,34.55,15,34.6,5,2,2022-07-15 09:34:53
1657877693583332000,34.55,15,34.5,41,34.6,5,2,2022-07-15 09:34:53
1657877693716087000,34.5,8,34.5,33,34.55,4,2,2022-07-15 09:34:53
1657877693746405000,34.5,5,34.5,28,34.55,4,2,2022-07-15 09:34:53
1657877693746533000,34.5,6,34.5,22,34.55,4,2,2022-07-15 09:34:53
1657877693749716000,34.5,5,34.5,17,34.55,4,2,2022-07-15 09:34:53
1657877693781964000,34.5,13,34.5,4,34.55,4,2,2022-07-15 09:34:53
1657877693816152000,34.5,4,34.45,16,34.55,6,2,2022-07-15 09:34:53
1657877693911335000,34.45,7,34.45,9,34.5,2,2,2022-07-15 09:34:53
1657877694047770000,34.45,3,34.45,6,34.5,2,2,2022-07-15 09:34:54
1657877694100451000,34.45,1,34.45,5,34.5,2,2,2022-07-15 09:34:54
1657877698734755000,34.45,1,34.45,5,34.5,7,2,2022-07-15 09:34:58
1657877699072961000,34.45,1,34.45,4,34.5,8,2,2022-07-15 09:34:59
1657877699212005000,34.45,2,34.45,2,34.5,8,2,2022-07-15 09:34:59
1657877699242709000,34.45,1,34.45,1,34.5,8,2,2022-07-15 09:34:59
1657877699291410000,34.45,1,34.4,14,34.5,8,2,2022-07-15 09:34:59
1657877700183627000,34.4,1,34.4,13,34.45,12,2,2022-07-15 09:35:00
1657877700216683000,34.4,13,34.35,24,34.45,12,2,2022-07-15 09:35:00
1657877713432127000,34.35,6,34.35,16,34.4,12,2,2022-07-15 09:35:13
1657877713462231000,34.35,1,34.35,15,34.4,12,2,2022-07-15 09:35:13
1657877713638274000,34.35,1,34.35,14,34.4,12,2,2022-07-15 09:35:13
1657877713739005000,34.35,3,34.35,11,34.4,12,2,2022-07-15 09:35:13
1657877713773156000,34.35,1,34.35,10,34.4,12,2,2022-07-15 09:35:13
1657877714442108000,34.35,1,34.35,9,34.4,12,2,2022-07-15 09:35:14
1657877715029929000,34.35,1,34.35,8,34.4,12,2,2022-07-15 09:35:15
1657877715098989000,34.35,1,34.35,7,34.4,12,2,2022-07-15 09:35:15
1657877715137226000,34.35,1,34.35,6,34.4,12,2,2022-07-15 09:35:15
1657877715272325000,34.35,1,34.35,5,34.4,12,2,2022-07-15 09:35:15
1657877715484819000,34.35,1,34.35,4,34.4,12,2,2022-07-15 09:35:15
1657877715948098000,34.35,1,34.35,3,34.4,11,2,2022-07-15 09:35:15
1657877716291323000,34.35,1,34.35,2,34.4,11,2,2022-07-15 09:35:16
1657877716326272000,34.35,1,34.35,1,34.4,11,2,2022-07-15 09:35:16
1657877716359709000,34.35,1,34.3,32,34.4,11,2,2022-07-15 09:35:16
1657877717736655000,34.4,5,34.3,32,34.4,6,1,2022-07-15 09:35:17
1657877727321103000,34.3,5,34.3,27,34.35,4,2,2022-07-15 09:35:27
1657877727446127000,34.3,5,34.3,22,34.35,5,2,2022-07-15 09:35:27
1657877729272138000,34.35,4,34.3,22,34.35,1,1,2022-07-15 09:35:29
1657877732140703000,34.35,1,34.3,22,34.4,5,1,2022-07-15 09:35:32
1657877734324705000,34.35,2,34.3,22,34.4,6,2,2022-07-15 09:35:34
1657877737327870000,34.35,1,34.3,22,34.4,6,2,2022-07-15 09:35:37
1657877738746046000,34.35,1,34.3,22,34.4,6,2,2022-07-15 09:35:38
1657877739548466000,34.3,1,34.3,21,34.4,6,2,2022-07-15 09:35:39
1657877739638840000,34.35,1,34.3,21,34.4,6,2,2022-07-15 09:35:39
1657877741232634000,34.4,1,34.35,5,34.4,4,1,2022-07-15 09:35:41
1657877741324322000,34.35,1,34.35,4,34.4,4,2,2022-07-15 09:35:41
1657877746191055000,34.35,1,34.35,3,34.4,5,2,2022-07-15 09:35:46
1657877746248394000,34.35,1,34.35,2,34.4,5,2,2022-07-15 09:35:46
1657877746480929000,34.4,1,34.35,3,34.4,4,1,2022-07-15 09:35:46
1657877758998835000,34.35,1,34.35,11,34.4,25,2,2022-07-15 09:35:58
1657877772288880000,34.35,3,34.35,9,34.4,27,2,2022-07-15 09:36:12
1657877774271912000,34.35,3,34.35,11,34.4,27,2,2022-07-15 09:36:14
1657877775437734000,34.35,1,34.35,10,34.4,27,2,2022-07-15 09:36:15
1657877775586855000,34.35,10,34.3,22,34.4,27,2,2022-07-15 09:36:15
1657877782273460000,34.35,2,34.3,22,34.35,4,1,2022-07-15 09:36:22
1657877783214803000,34.35,1,34.3,22,34.35,9,1,2022-07-15 09:36:23
1657877784422760000,34.3,3,34.3,19,34.35,8,2,2022-07-15 09:36:24
1657877787450349000,34.35,10,34.3,19,34.35,1,1,2022-07-15 09:36:27
1657877792165929000,34.35,3,34.3,19,34.4,26,1,2022-07-15 09:36:32
1657877795307943000,34.3,1,34.3,18,34.35,1,2,2022-07-15 09:36:35
1657877795330731000,34.35,1,34.3,18,34.4,27,1,2022-07-15 09:36:35
1657877805468955000,34.35,2,34.3,19,34.35,11,1,2022-07-15 09:36:45
1657877806115465000,34.3,1,34.3,18,34.35,11,2,2022-07-15 09:36:46
1657877820246270000,34.3,1,34.3,28,34.35,14,2,2022-07-15 09:37:00
1657877820961007000,34.3,3,34.3,25,34.35,14,2,2022-07-15 09:37:00
1657877823560076000,34.3,1,34.3,24,34.35,14,2,2022-07-15 09:37:03
1657877827161235000,34.3,1,34.3,27,34.35,14,2,2022-07-15 09:37:07
1657877827199870000,34.3,1,34.3,26,34.35,14,2,2022-07-15 09:37:07
1657877827221921000,34.3,1,34.3,25,34.35,14,2,2022-07-15 09:37:07
1657877829574161000,34.35,1,34.3,25,34.35,13,1,2022-07-15 09:37:09
1657877831837239000,34.3,3,34.3,22,34.35,13,2,2022-07-15 09:37:11
1657877834322484000,34.3,3,34.3,20,34.35,16,2,2022-07-15 09:37:14
1657877834357811000,34.3,20,34.25,34,34.35,16,2,2022-07-15 09:37:14
1657877835133119000,34.3,1,34.25,34,34.35,16,1,2022-07-15 09:37:15
1657877843736647000,34.3,1,34.25,34,34.35,14,2,2022-07-15 09:37:23
1657877849060338000,34.3,2,34.25,33,34.35,15,2,2022-07-15 09:37:29
1657877849060338000,34.25,1,34.25,33,34.35,15,2,2022-07-15 09:37:29
1657877855971036000,34.3,2,34.25,33,34.3,6,1,2022-07-15 09:37:35
1657877859878448000,34.3,1,34.25,33,34.3,5,1,2022-07-15 09:37:39
1657877862676236000,34.3,1,34.25,33,34.3,4,1,2022-07-15 09:37:42
1657877867148984000,34.25,5,34.25,28,34.3,4,2,2022-07-15 09:37:47
1657877867502052000,34.25,5,34.25,23,34.3,4,2,2022-07-15 09:37:47
1657877868793349000,34.25,5,34.25,23,34.3,4,2,2022-07-15 09:37:48
1657877870297265000,34.25,7,34.25,16,34.3,6,2,2022-07-15 09:37:50
1657877870324269000,34.25,1,34.25,16,34.3,8,2,2022-07-15 09:37:50
1657877870420634000,34.25,10,34.25,5,34.3,8,2,2022-07-15 09:37:50
1657877870453972000,34.25,5,34.2,23,34.3,8,2,2022-07-15 09:37:50
1657877870803259000,34.2,8,34.2,15,34.25,6,2,2022-07-15 09:37:50
1657877871619749000,34.25,1,34.2,15,34.25,7,1,2022-07-15 09:37:51
1657877874036305000,34.25,1,34.2,15,34.25,6,1,2022-07-15 09:37:54
1657877875971920000,34.2,4,34.2,11,34.25,7,2,2022-07-15 09:37:55
1657877887330601000,34.2,1,34.2,15,34.25,14,2,2022-07-15 09:38:07
1657877890731595000,34.2,1,34.2,16,34.25,10,2,2022-07-15 09:38:10
1657877891284167000,34.2,1,34.2,14,34.25,10,2,2022-07-15 09:38:11
1657877893229218000,34.2,3,34.2,20,34.25,10,2,2022-07-15 09:38:13
1657877893678499000,34.2,2,34.2,19,34.25,10,2,2022-07-15 09:38:13
1657877894656712000,34.2,2,34.2,17,34.25,10,2,2022-07-15 09:38:14
1657877894687824000,34.2,1,34.2,16,34.25,10,2,2022-07-15 09:38:14
1657877897680858000,34.2,1,34.2,15,34.25,10,2,2022-07-15 09:38:17
1657877900366767000,34.2,3,34.2,12,34.25,10,2,2022-07-15 09:38:20
1657877900744289000,34.2,1,34.2,11,34.25,10,2,2022-07-15 09:38:20
1657877901543618000,34.2,1,34.2,10,34.25,10,2,2022-07-15 09:38:21
1657877907341673000,34.2,1,34.2,10,34.25,13,2,2022-07-15 09:38:27
1657877913791070000,34.2,3,34.2,14,34.25,15,2,2022-07-15 09:38:33
1657877914505788000,34.2,4,34.2,10,34.25,15,2,2022-07-15 09:38:34
1657877914681812000,34.2,3,34.2,7,34.25,15,2,2022-07-15 09:38:34
1657877916342114000,34.2,1,34.2,6,34.25,15,2,2022-07-15 09:38:36
1657877917119608000,34.2,6,34.15,37,34.25,16,2,2022-07-15 09:38:37
1657877921209838000,34.2,1,34.15,37,34.2,2,1,2022-07-15 09:38:41
1657877927576327000,34.2,2,34.2,4,34.25,16,1,2022-07-15 09:38:47
1657877927733565000,34.2,1,34.2,3,34.25,15,2,2022-07-15 09:38:47
1657877934031724000,34.2,1,34.2,3,34.25,15,2,2022-07-15 09:38:54
1657877958011173000,34.2,1,34.2,12,34.25,18,2,2022-07-15 09:39:18
1657877959916013000,34.2,1,34.2,11,34.25,18,2,2022-07-15 09:39:19
1657877959925968000,34.2,1,34.2,10,34.25,18,2,2022-07-15 09:39:19
1657877960011933000,34.2,1,34.2,9,34.25,17,2,2022-07-15 09:39:20
1657877960680218000,34.2,3,34.2,6,34.25,17,2,2022-07-15 09:39:20
1657877965919723000,34.2,1,34.2,12,34.25,16,2,2022-07-15 09:39:25
1657877965928664000,34.2,1,34.2,11,34.25,15,2,2022-07-15 09:39:25
1657877969249481000,34.25,1,34.2,12,34.25,14,1,2022-07-15 09:39:29
1657877969277396000,34.25,14,34.2,12,34.3,5,1,2022-07-15 09:39:29
1657877969795014000,34.2,1,34.2,13,34.3,4,2,2022-07-15 09:39:29
1657877974664183000,34.2,1,34.2,14,34.3,4,2,2022-07-15 09:39:34
1657877994944393000,34.25,3,34.25,10,34.3,4,2,2022-07-15 09:39:54
1657877998645739000,34.25,3,34.25,7,34.3,4,2,2022-07-15 09:39:58
1657878001896168000,34.25,5,34.25,2,34.3,4,2,2022-07-15 09:40:01
1657878002065416000,34.25,2,34.2,17,34.3,4,2,2022-07-15 09:40:02
1657878002065416000,34.2,3,34.2,17,34.3,4,2,2022-07-15 09:40:02
1657878005583708000,34.25,5,34.2,18,34.25,5,1,2022-07-15 09:40:05
1657878005610455000,34.25,5,34.2,18,34.3,4,1,2022-07-15 09:40:05
1657878038607514000,34.3,1,34.25,9,34.3,3,1,2022-07-15 09:40:38
1657878044531331000,34.25,4,34.25,5,34.3,2,2,2022-07-15 09:40:44
1657878051297737000,34.3,1,34.25,5,34.3,1,1,2022-07-15 09:40:51
1657878068069027000,34.3,1,34.25,9,34.3,1,1,2022-07-15 09:41:08
1657878068353440000,34.25,3,34.25,6,34.3,1,2,2022-07-15 09:41:08
1657878069687393000,34.25,2,34.25,4,34.3,1,2,2022-07-15 09:41:09
1657878070654702000,34.3,1,34.25,4,34.35,12,1,2022-07-15 09:41:10
1657878071233696000,34.25,3,34.25,1,34.35,13,2,2022-07-15 09:41:11
1657878071297457000,34.25,1,34.2,22,34.35,13,2,2022-07-15 09:41:11
1657878072355671000,34.35,1,34.2,22,34.35,13,1,2022-07-15 09:41:12
1657878085541034000,34.25,4,34.2,23,34.35,15,2,2022-07-15 09:41:25
1657878185084852000,34.3,1,34.25,15,34.3,2,1,2022-07-15 09:43:05
1657878200047735000,34.3,1,34.25,16,34.3,2,1,2022-07-15 09:43:20
1657878201422953000,34.3,1,34.25,16,34.3,1,1,2022-07-15 09:43:21
1657878209396208000,34.3,1,34.25,16,34.35,12,1,2022-07-15 09:43:29
1657878231162874000,34.3,1,34.3,9,34.35,13,2,2022-07-15 09:43:51
1657878239429400000,34.3,2,34.3,9,34.35,13,2,2022-07-15 09:43:59
1657878241948885000,34.3,2,34.3,8,34.35,13,2,2022-07-15 09:44:01
1657878244754866000,34.3,2,34.3,6,34.35,13,2,2022-07-15 09:44:04
1657878253472782000,34.3,3,34.3,3,34.35,13,2,2022-07-15 09:44:13
1657878253544603000,34.3,1,34.3,2,34.35,13,2,2022-07-15 09:44:13
1657878261907510000,34.3,2,34.25,18,34.35,13,2,2022-07-15 09:44:21
1657878274706515000,34.3,5,34.3,5,34.35,13,1,2022-07-15 09:44:34
1657878284095215000,34.3,6,34.25,18,34.35,14,2,2022-07-15 09:44:44
1657878298183510000,34.25,2,34.25,16,34.35,14,2,2022-07-15 09:44:58
1657878303955599000,34.3,1,34.25,16,34.35,14,2,2022-07-15 09:45:03
1657878305509137000,34.25,1,34.25,16,34.3,7,2,2022-07-15 09:45:05
1657878306277764000,34.25,2,34.25,13,34.3,7,2,2022-07-15 09:45:06
1657878306305162000,34.25,1,34.25,12,34.3,7,2,2022-07-15 09:45:06
1657878306353351000,34.25,12,34.2,21,34.3,8,2,2022-07-15 09:45:06
1657878315048178000,34.2,2,34.2,19,34.25,5,2,2022-07-15 09:45:15
1657878315067789000,34.2,19,34.15,37,34.25,5,2,2022-07-15 09:45:15
1657878315121136000,34.15,34,34.15,3,34.2,1,2,2022-07-15 09:45:15
1657878315121358000,34.15,1,34.15,2,34.2,1,2,2022-07-15 09:45:15
1657878315143342000,34.15,2,34.1,56,34.2,1,2,2022-07-15 09:45:15
1657878315243620000,34.1,5,34.1,51,34.15,1,2,2022-07-15 09:45:15
1657878315264456000,34.1,10,34.1,41,34.15,1,2,2022-07-15 09:45:15
1657878315361115000,34.1,1,34.1,40,34.15,2,2,2022-07-15 09:45:15
1657878315407356000,34.1,2,34.1,38,34.15,2,2,2022-07-15 09:45:15
1657878315470978000,34.1,1,34.1,41,34.15,2,2,2022-07-15 09:45:15
1657878315874509000,34.15,2,34.1,37,34.15,1,1,2022-07-15 09:45:15
1657878315998220000,34.1,1,34.1,37,34.2,5,2,2022-07-15 09:45:15
1657878317224601000,34.1,1,34.1,35,34.2,5,2,2022-07-15 09:45:17
1657878327339744000,34.1,2,34.1,33,34.15,11,2,2022-07-15 09:45:27
1657878327383635000,34.1,1,34.1,32,34.15,11,2,2022-07-15 09:45:27
1657878327457614000,34.1,1,34.1,31,34.15,11,2,2022-07-15 09:45:27
1657878329679245000,34.1,1,34.1,30,34.15,11,2,2022-07-15 09:45:29
1657878333651465000,34.1,2,34.1,29,34.15,11,2,2022-07-15 09:45:33
1657878333680274000,34.1,1,34.1,28,34.15,10,2,2022-07-15 09:45:33
1657878334912891000,34.15,1,34.1,28,34.15,9,1,2022-07-15 09:45:34
1657878336121541000,34.1,1,34.1,27,34.15,8,2,2022-07-15 09:45:36
1657878338237999000,34.1,10,34.1,18,34.15,8,2,2022-07-15 09:45:38
1657878339872562000,34.1,1,34.1,17,34.15,8,2,2022-07-15 09:45:39
1657878340166609000,34.15,8,34.15,2,34.2,7,1,2022-07-15 09:45:40
1657878340289936000,34.15,1,34.15,1,34.2,6,2,2022-07-15 09:45:40
1657878340596535000,34.15,1,34.1,15,34.2,6,2,2022-07-15 09:45:40
1657878340596535000,34.1,2,34.1,15,34.2,6,2,2022-07-15 09:45:40
1657878341435502000,34.1,2,34.1,15,34.15,3,2,2022-07-15 09:45:41
1657878343375377000,34.15,1,34.1,13,34.15,2,1,2022-07-15 09:45:43
1657878347849214000,34.1,2,34.1,17,34.15,2,2,2022-07-15 09:45:47
1657878348279918000,34.1,2,34.1,15,34.15,2,2,2022-07-15 09:45:48
1657878356001311000,34.1,3,34.1,17,34.15,2,2,2022-07-15 09:45:56
1657878356489491000,34.1,1,34.1,16,34.15,2,2,2022-07-15 09:45:56
1657878361516150000,34.1,3,34.1,14,34.15,2,2,2022-07-15 09:46:01
1657878362317524000,34.1,1,34.1,13,34.15,2,2,2022-07-15 09:46:02
1657878367878002000,34.1,1,34.1,16,34.15,1,2,2022-07-15 09:46:07
1657878368832461000,34.1,2,34.1,14,34.15,1,2,2022-07-15 09:46:08
1657878369405146000,34.15,1,34.15,4,34.2,6,1,2022-07-15 09:46:09
1657878372063433000,34.15,1,34.15,3,34.2,6,2,2022-07-15 09:46:12
1657878376534432000,34.15,2,34.15,1,34.2,6,2,2022-07-15 09:46:16
1657878377376034000,34.15,1,34.1,14,34.2,6,2,2022-07-15 09:46:17
1657878386068763000,34.1,1,34.1,16,34.15,4,2,2022-07-15 09:46:26
1657878391581005000,34.1,1,34.1,20,34.15,4,2,2022-07-15 09:46:31
1657878393649704000,34.1,1,34.1,19,34.15,5,2,2022-07-15 09:46:33
1657878398514971000,34.1,2,34.1,17,34.15,7,2,2022-07-15 09:46:38
1657878401655019000,34.1,1,34.1,16,34.15,7,2,2022-07-15 09:46:41
1657878411369670000,34.1,6,34.1,13,34.15,17,2,2022-07-15 09:46:51
1657878411680823000,34.1,1,34.1,12,34.15,17,2,2022-07-15 09:46:51
1657878412500372000,34.1,4,34.1,8,34.15,17,2,2022-07-15 09:46:52
1657878414877737000,34.1,1,34.1,9,34.15,17,2,2022-07-15 09:46:54
1657878417477896000,34.1,2,34.1,7,34.15,13,2,2022-07-15 09:46:57
1657878418446060000,34.1,2,34.1,5,34.15,13,2,2022-07-15 09:46:58
1657878420442420000,34.1,5,34.05,11,34.15,13,2,2022-07-15 09:47:00
1657878431541557000,34.1,1,34.05,11,34.1,2,1,2022-07-15 09:47:11
1657878433715017000,34.05,1,34.05,10,34.1,3,2,2022-07-15 09:47:13
1657878433831558000,34.05,4,34.05,6,34.1,3,2,2022-07-15 09:47:13
1657878434467917000,34.05,2,34.05,4,34.1,4,2,2022-07-15 09:47:14
1657878436498408000,34.05,1,34.05,3,34.1,4,2,2022-07-15 09:47:16
1657878437751784000,34.05,1,34.05,2,34.1,4,2,2022-07-15 09:47:17
1657878439508048000,34.05,1,34.05,1,34.1,5,2,2022-07-15 09:47:19
1657878439772029000,34.05,1,34.0,63,34.05,4,2,2022-07-15 09:47:19
1657878440879726000,34.05,1,34.0,63,34.05,6,1,2022-07-15 09:47:20
1657878446046771000,34.0,1,34.0,62,34.05,6,2,2022-07-15 09:47:26
1657878447276054000,34.05,1,34.0,63,34.05,5,1,2022-07-15 09:47:27
1657878448846262000,34.05,1,34.0,63,34.05,4,1,2022-07-15 09:47:28
1657878451511185000,34.05,1,34.0,64,34.05,4,1,2022-07-15 09:47:31
1657878452500471000,34.0,1,34.0,63,34.05,4,2,2022-07-15 09:47:32
1657878454000695000,34.0,1,34.0,62,34.05,4,2,2022-07-15 09:47:34
1657878458785051000,34.0,1,34.0,61,34.05,4,2,2022-07-15 09:47:38
1657878458817839000,34.0,3,34.0,58,34.05,4,2,2022-07-15 09:47:38
1657878459504718000,34.0,1,34.0,57,34.05,5,2,2022-07-15 09:47:39
1657878461245069000,34.0,1,34.0,55,34.05,5,2,2022-07-15 09:47:41
1657878462910584000,34.0,3,34.0,52,34.05,5,2,2022-07-15 09:47:42
1657878464062059000,34.0,1,34.0,51,34.05,5,2,2022-07-15 09:47:44
1657878464424358000,34.0,1,34.0,50,34.05,4,2,2022-07-15 09:47:44
1657878466631990000,34.0,1,34.0,49,34.05,4,2,2022-07-15 09:47:46
1657878466726327000,34.0,1,34.0,48,34.05,4,2,2022-07-15 09:47:46
1657878467235706000,34.05,1,34.0,48,34.05,3,1,2022-07-15 09:47:47
1657878467437533000,34.05,1,34.0,48,34.05,2,1,2022-07-15 09:47:47
1657878467633730000,34.0,1,34.0,47,34.05,2,2,2022-07-15 09:47:47
1657878467667715000,34.0,1,34.0,46,34.05,3,2,2022-07-15 09:47:47
1657878469166420000,34.0,10,34.0,36,34.05,3,2,2022-07-15 09:47:49
1657878469586370000,34.0,2,34.0,34,34.05,4,2,2022-07-15 09:47:49
1657878469742859000,34.0,2,34.0,32,34.05,4,2,2022-07-15 09:47:49
1657878469981628000,34.0,1,34.0,31,34.05,4,2,2022-07-15 09:47:49
1657878470334996000,34.0,1,34.0,30,34.05,4,2,2022-07-15 09:47:50
1657878470985166000,34.0,5,34.0,25,34.05,4,2,2022-07-15 09:47:50
1657878471856880000,34.0,1,34.0,24,34.05,4,2,2022-07-15 09:47:51
1657878471916269000,34.0,9,34.0,15,34.05,4,2,2022-07-15 09:47:51
1657878472007332000,34.0,3,34.0,12,34.05,4,2,2022-07-15 09:47:52
1657878472040319000,34.0,1,34.0,11,34.05,4,2,2022-07-15 09:47:52
1657878473032676000,34.0,1,34.0,10,34.05,4,2,2022-07-15 09:47:53
1657878473039595000,34.0,3,34.0,7,34.05,4,2,2022-07-15 09:47:53
1657878473060912000,34.0,3,34.0,4,34.05,4,2,2022-07-15 09:47:53
1657878473084167000,34.0,2,34.0,2,34.05,4,2,2022-07-15 09:47:53
1657878473116343000,34.0,2,33.9,10,34.05,4,2,2022-07-15 09:47:53
1657878473116343000,33.95,2,33.9,10,34.05,4,2,2022-07-15 09:47:53
1657878473116343000,33.9,1,33.9,10,34.05,4,2,2022-07-15 09:47:53
1657878473273319000,33.9,3,33.9,7,34.05,5,2,2022-07-15 09:47:53
1657878475114422000,33.9,1,33.9,6,34.0,8,2,2022-07-15 09:47:55
1657878478445228000,33.9,1,33.9,5,34.0,8,2,2022-07-15 09:47:58
1657878479426575000,34.0,2,33.9,5,34.0,10,1,2022-07-15 09:47:59
1657878480680073000,33.9,1,33.9,5,34.0,10,2,2022-07-15 09:48:00
1657878487509922000,33.95,3,33.9,7,34.0,3,1,2022-07-15 09:48:07
1657878487509922000,34.0,1,33.9,7,34.0,3,1,2022-07-15 09:48:07
1657878490928521000,33.95,1,33.95,1,34.0,4,2,2022-07-15 09:48:10
1657878493268154000,33.95,1,33.9,7,34.0,5,2,2022-07-15 09:48:13
1657878493268154000,33.9,1,33.9,7,34.0,5,2,2022-07-15 09:48:13
1657878495310620000,33.9,7,33.85,9,34.0,12,2,2022-07-15 09:48:15
1657878495765405000,33.95,1,33.85,9,34.0,13,1,2022-07-15 09:48:15
1657878500618639000,33.95,1,33.9,5,34.0,13,1,2022-07-15 09:48:20
1657878506044415000,34.0,5,33.9,11,34.0,7,1,2022-07-15 09:48:26
1657878506072985000,34.0,7,33.9,11,34.05,6,1,2022-07-15 09:48:26
1657878507407159000,33.9,3,33.9,9,34.05,5,2,2022-07-15 09:48:27
1657878512614022000,34.0,1,33.95,3,34.0,1,1,2022-07-15 09:48:32
1657878523602478000,34.0,3,33.95,3,34.05,5,1,2022-07-15 09:48:43
1657878523831620000,34.0,2,33.95,3,34.05,5,1,2022-07-15 09:48:43
1657878524771791000,34.0,1,34.0,1,34.05,5,2,2022-07-15 09:48:44
1657878538135157000,34.0,1,33.95,3,34.05,6,1,2022-07-15 09:48:58
1657878545425548000,34.05,2,34.0,1,34.05,4,1,2022-07-15 09:49:05
1657878552078649000,34.05,2,34.0,3,34.05,2,1,2022-07-15 09:49:12
1657878552108933000,34.05,2,34.0,3,34.1,3,1,2022-07-15 09:49:12
1657878553330708000,34.0,1,34.0,2,34.1,3,2,2022-07-15 09:49:13
1657878555730540000,34.0,1,34.0,1,34.1,3,2,2022-07-15 09:49:15
1657878557775366000,34.0,1,33.95,5,34.1,3,2,2022-07-15 09:49:17
1657878561015035000,33.95,6,33.9,17,34.1,4,2,2022-07-15 09:49:21
1657878561015035000,33.9,14,33.9,17,34.1,4,2,2022-07-15 09:49:21
1657878565593828000,34.0,1,34.0,1,34.05,9,1,2022-07-15 09:49:25
1657878566050808000,34.0,1,33.9,22,34.05,8,2,2022-07-15 09:49:26
1657878574575162000,33.95,2,33.95,2,34.0,8,2,2022-07-15 09:49:34
1657878574608893000,33.95,2,33.9,13,34.0,8,2,2022-07-15 09:49:34
1657878575398917000,33.95,1,33.9,13,33.95,5,1,2022-07-15 09:49:35
1657878580644997000,33.95,1,33.9,13,33.95,3,1,2022-07-15 09:49:40
1657878581620773000,33.95,1,33.9,13,33.95,2,1,2022-07-15 09:49:41
1657878585114052000,33.95,1,33.9,13,33.95,1,1,2022-07-15 09:49:45
1657878590638480000,33.95,1,33.9,13,33.95,1,1,2022-07-15 09:49:50
1657878590686511000,33.95,1,33.9,13,34.0,10,1,2022-07-15 09:49:50
1657878591011029000,33.95,1,33.9,13,34.0,10,2,2022-07-15 09:49:51
1657878601804384000,33.9,1,33.9,7,34.0,10,2,2022-07-15 09:50:01
1657878603168662000,33.9,4,33.9,3,34.0,10,2,2022-07-15 09:50:03
1657878603197275000,33.9,3,33.85,5,34.0,11,2,2022-07-15 09:50:03
1657878604912657000,33.95,1,33.85,5,34.0,12,2,2022-07-15 09:50:04
1657878610610326000,33.9,1,33.85,5,33.95,7,2,2022-07-15 09:50:10
1657878618091072000,33.9,2,33.85,5,33.95,8,2,2022-07-15 09:50:18
1657878629543762000,33.85,3,33.85,3,33.9,9,2,2022-07-15 09:50:29
1657878643068354000,33.85,8,33.8,33,33.9,10,2,2022-07-15 09:50:43
1657878643068354000,33.8,2,33.8,33,33.9,10,2,2022-07-15 09:50:43
1657878647177946000,33.85,1,33.8,33,33.85,13,1,2022-07-15 09:50:47
1657878648454098000,33.8,3,33.8,30,33.85,10,2,2022-07-15 09:50:48
1657878650798946000,33.8,1,33.8,29,33.85,12,2,2022-07-15 09:50:50
1657878651202823000,33.8,4,33.8,25,33.85,12,2,2022-07-15 09:50:51
1657878653499196000,33.8,2,33.8,23,33.85,13,2,2022-07-15 09:50:53
1657878657041632000,33.8,10,33.8,13,33.85,13,2,2022-07-15 09:50:57
1657878657081667000,33.8,6,33.8,7,33.85,13,2,2022-07-15 09:50:57
1657878657085178000,33.8,1,33.8,6,33.85,13,2,2022-07-15 09:50:57
1657878657114976000,33.8,1,33.8,5,33.85,13,2,2022-07-15 09:50:57
1657878657117391000,33.8,1,33.8,4,33.85,13,2,2022-07-15 09:50:57
1657878657118246000,33.8,1,33.8,3,33.85,13,2,2022-07-15 09:50:57
1657878657163017000,33.8,1,33.8,2,33.85,13,2,2022-07-15 09:50:57
1657878657214350000,33.8,2,33.75,9,33.85,13,2,2022-07-15 09:50:57
1657878659632579000,33.8,1,33.8,2,33.85,14,2,2022-07-15 09:50:59
1657878660487088000,33.8,1,33.8,1,33.85,14,2,2022-07-15 09:51:00
1657878661844460000,33.8,1,33.75,9,33.85,14,2,2022-07-15 09:51:01
1657878663838509000,33.8,1,33.8,2,33.85,13,2,2022-07-15 09:51:03
1657878663911562000,33.8,1,33.8,1,33.85,13,2,2022-07-15 09:51:03
1657878670552109000,33.8,1,33.8,2,33.85,11,2,2022-07-15 09:51:10
1657878670989099000,33.8,2,33.75,9,33.85,11,2,2022-07-15 09:51:10
1657878671136453000,33.85,11,33.8,6,33.9,7,1,2022-07-15 09:51:11
1657878686426501000,33.9,5,33.85,5,33.9,2,1,2022-07-15 09:51:26
1657878686458880000,33.9,2,33.85,5,33.95,5,1,2022-07-15 09:51:26
1657878691691051000,33.95,1,33.9,7,33.95,1,1,2022-07-15 09:51:31
1657878691711790000,33.95,1,33.9,7,34.0,11,1,2022-07-15 09:51:31
1657878693787490000,33.9,1,33.9,6,34.0,11,2,2022-07-15 09:51:33
1657878699133147000,33.95,1,33.95,1,34.0,11,2,2022-07-15 09:51:39
1657878716871424000,34.0,2,33.95,3,34.0,9,1,2022-07-15 09:51:56
1657878717257284000,33.95,1,33.95,2,34.0,9,2,2022-07-15 09:51:57
1657878718883069000,34.0,2,33.95,2,34.0,7,1,2022-07-15 09:51:58
1657878721241040000,34.0,7,34.0,3,34.05,1,1,2022-07-15 09:52:01
1657878722355364000,34.0,2,34.0,1,34.05,2,2,2022-07-15 09:52:02
1657878727263487000,34.0,1,33.95,3,34.05,3,2,2022-07-15 09:52:07
1657878727402664000,33.95,3,33.9,4,34.0,11,2,2022-07-15 09:52:07
1657878733135480000,33.95,3,33.9,4,34.0,11,1,2022-07-15 09:52:13
1657878733942004000,33.95,1,33.9,4,34.0,11,1,2022-07-15 09:52:13
1657878744589737000,33.95,1,33.9,7,33.95,5,1,2022-07-15 09:52:24
1657878746495843000,33.95,1,33.9,7,33.95,4,1,2022-07-15 09:52:26
1657878747459731000,33.95,1,33.9,7,33.95,3,1,2022-07-15 09:52:27
1657878749874568000,33.95,1,33.9,7,33.95,2,1,2022-07-15 09:52:29
1657878756219181000,33.95,3,33.9,10,34.0,10,1,2022-07-15 09:52:36
1657878756219181000,34.0,1,33.9,10,34.0,10,1,2022-07-15 09:52:36
1657878760018222000,34.0,10,33.9,10,34.0,2,1,2022-07-15 09:52:40
1657878760052020000,34.0,2,33.9,10,34.05,2,1,2022-07-15 09:52:40
1657878761947798000,33.95,1,33.9,11,34.05,4,1,2022-07-15 09:52:41
1657878767352859000,34.0,1,33.95,1,34.05,10,1,2022-07-15 09:52:47
1657878772189338000,34.0,1,33.95,1,34.05,12,1,2022-07-15 09:52:52
1657878772306373000,33.95,1,33.9,11,34.05,6,2,2022-07-15 09:52:52
1657878786867131000,34.0,3,34.0,7,34.05,6,1,2022-07-15 09:53:06
1657878792864840000,34.0,1,34.0,6,34.05,6,2,2022-07-15 09:53:12
1657878798715793000,34.0,4,34.0,2,34.05,6,2,2022-07-15 09:53:18
1657878805077119000,34.05,3,34.0,2,34.05,3,1,2022-07-15 09:53:25
1657878819889279000,34.05,1,34.0,6,34.05,4,1,2022-07-15 09:53:39
1657878823626215000,34.05,2,34.0,6,34.05,4,1,2022-07-15 09:53:43
1657878842694448000,34.0,1,34.0,13,34.05,8,2,2022-07-15 09:54:02
1657878851636941000,34.05,9,34.0,13,34.1,4,1,2022-07-15 09:54:11
1657878858305143000,34.1,2,34.05,1,34.1,3,1,2022-07-15 09:54:18
1657878858478194000,34.1,3,34.05,1,34.2,5,1,2022-07-15 09:54:18
1657878858487076000,34.2,3,34.05,1,34.2,2,1,2022-07-15 09:54:18
1657878858720390000,34.15,1,34.1,1,34.2,2,2,2022-07-15 09:54:18
1657878861779564000,34.1,1,34.05,1,34.2,2,2,2022-07-15 09:54:21
1657878863114643000,34.15,1,34.05,1,34.15,3,1,2022-07-15 09:54:23
1657878890403562000,34.15,2,34.1,7,34.15,3,1,2022-07-15 09:54:50
1657878894567012000,34.1,1,34.1,7,34.15,4,2,2022-07-15 09:54:54
1657878896666061000,34.15,1,34.1,7,34.15,3,1,2022-07-15 09:54:56
1657878902982081000,34.15,3,34.1,7,34.2,3,1,2022-07-15 09:55:02
1657878906459871000,34.1,1,34.1,6,34.2,5,2,2022-07-15 09:55:06
1657878906496754000,34.1,3,34.1,3,34.2,5,2,2022-07-15 09:55:06
1657878906496949000,34.1,1,34.1,2,34.2,5,2,2022-07-15 09:55:06
1657878906539784000,34.1,2,34.05,3,34.2,5,2,2022-07-15 09:55:06
1657878906571403000,34.05,1,34.05,2,34.2,5,2,2022-07-15 09:55:06
1657878909413136000,34.15,1,34.05,2,34.15,2,1,2022-07-15 09:55:09
1657878923227799000,34.05,1,34.05,1,34.1,1,2,2022-07-15 09:55:23
1657878925460385000,34.05,1,34.0,12,34.1,1,2,2022-07-15 09:55:25
1657878950526249000,34.05,1,34.05,1,34.1,3,2,2022-07-15 09:55:50
1657878954452926000,34.05,1,34.0,16,34.1,3,2,2022-07-15 09:55:54
1657878973017666000,34.05,1,34.05,1,34.1,3,2,2022-07-15 09:56:13
1657878974062671000,34.05,1,34.05,3,34.1,5,2,2022-07-15 09:56:14
1657878976872377000,34.05,1,34.05,3,34.1,4,2,2022-07-15 09:56:16
1657878979349283000,34.05,1,34.05,2,34.1,4,2,2022-07-15 09:56:19
1657878981525492000,34.05,1,34.05,6,34.1,4,2,2022-07-15 09:56:21
1657878990836473000,34.05,1,34.05,5,34.1,4,2,2022-07-15 09:56:30
1657878994938262000,34.05,1,34.05,4,34.1,4,2,2022-07-15 09:56:34
1657878997088982000,34.05,1,34.05,3,34.1,4,2,2022-07-15 09:56:37
1657879001327960000,34.05,1,34.05,2,34.1,4,2,2022-07-15 09:56:41
1657879003423722000,34.05,1,34.05,1,34.1,4,2,2022-07-15 09:56:43
1657879005357120000,34.1,1,34.05,1,34.1,3,1,2022-07-15 09:56:45
1657879008841725000,34.05,1,34.0,17,34.1,3,2,2022-07-15 09:56:48
1657879023053539000,34.0,5,34.0,12,34.05,1,2,2022-07-15 09:57:03
1657879024711358000,34.0,2,34.0,10,34.05,3,2,2022-07-15 09:57:04
1657879034359116000,34.0,1,34.0,9,34.05,3,2,2022-07-15 09:57:14
1657879038600473000,34.0,1,34.0,8,34.05,3,2,2022-07-15 09:57:18
1657879040156173000,34.0,3,34.0,5,34.05,3,2,2022-07-15 09:57:20
1657879041201180000,34.0,1,34.0,4,34.05,3,2,2022-07-15 09:57:21
1657879044541997000,34.0,1,34.0,3,34.05,3,2,2022-07-15 09:57:24
1657879048332192000,34.0,1,34.0,2,34.05,3,2,2022-07-15 09:57:28
1657879049608193000,34.0,1,34.0,1,34.05,3,2,2022-07-15 09:57:29
1657879051355576000,34.0,1,33.95,3,34.05,3,2,2022-07-15 09:57:31
1657879056079157000,34.0,1,33.95,3,34.05,4,2,2022-07-15 09:57:36
1657879060771649000,33.95,3,33.85,10,34.05,4,2,2022-07-15 09:57:40
1657879060771649000,33.9,10,33.85,10,34.05,4,2,2022-07-15 09:57:40
1657879060771649000,33.85,7,33.85,10,34.05,4,2,2022-07-15 09:57:40
1657879075533726000,33.9,1,33.9,1,34.05,12,2,2022-07-15 09:57:55
1657879076106872000,33.9,1,33.85,11,34.05,12,2,2022-07-15 09:57:56
1657879082202985000,33.85,4,33.85,7,34.05,12,2,2022-07-15 09:58:02
1657879092799161000,33.85,1,33.85,6,34.0,10,2,2022-07-15 09:58:12
1657879097473656000,33.85,5,33.85,1,33.95,4,2,2022-07-15 09:58:17
1657879097473821000,33.85,1,33.8,23,33.95,4,2,2022-07-15 09:58:17
1657879099238710000,33.9,1,33.8,27,33.95,6,1,2022-07-15 09:58:19
1657879134760572000,33.9,1,33.85,6,33.95,10,2,2022-07-15 09:58:54
1657879145958869000,33.85,9,33.8,26,33.85,1,2,2022-07-15 09:59:05
1657879155416478000,33.85,1,33.8,26,33.85,5,1,2022-07-15 09:59:15
1657879160319045000,33.8,1,33.8,25,33.85,10,2,2022-07-15 09:59:20
1657879161697315000,33.8,7,33.8,18,33.85,10,2,2022-07-15 09:59:21
1657879161726001000,33.8,18,33.75,7,33.85,10,2,2022-07-15 09:59:21
1657879162887764000,33.8,1,33.75,7,33.8,4,1,2022-07-15 09:59:22
1657879166960744000,33.75,1,33.75,6,33.8,4,2,2022-07-15 09:59:26
1657879169394988000,33.8,1,33.75,6,33.8,6,1,2022-07-15 09:59:29
1657879172232766000,33.8,1,33.75,5,33.8,6,1,2022-07-15 09:59:32
1657879173944061000,33.8,1,33.75,5,33.8,5,1,2022-07-15 09:59:33
1657879174501104000,33.8,1,33.75,5,33.8,4,1,2022-07-15 09:59:34
1657879181345291000,33.8,1,33.75,5,33.8,7,1,2022-07-15 09:59:41
1657879182669534000,33.8,1,33.75,5,33.8,13,1,2022-07-15 09:59:42
