ts,close,volume,bid_price,bid_volume,ask_price,ask_volume,tick_type,datetime
1657875604559591000,53.2,299,53.1,46,53.2,10,1,2022-07-15 09:00:04
1657875604665269000,53.1,19,53.1,27,53.2,10,2,2022-07-15 09:00:04
1657875604734214000,53.1,22,53.1,5,53.2,10,2,2022-07-15 09:00:04
1657875604762204000,53.1,1,53.1,4,53.2,10,2,2022-07-15 09:00:04
1657875604762635000,53.1,4,53.0,12,53.2,10,2,2022-07-15 09:00:04
1657875604763737000,53.0,1,53.0,11,53.2,10,2,2022-07-15 09:00:04
1657875605219346000,53.2,1,53.0,11,53.2,12,1,2022-07-15 09:00:05
1657875605460990000,53.0,8,53.0,3,53.2,12,2,2022-07-15 09:00:05
1657875605495322000,53.0,1,53.0,2,53.2,12,2,2022-07-15 09:00:05
1657875605495325000,53.0,1,53.0,1,53.2,12,2,2022-07-15 09:00:05
1657875605495755000,53.0,1,52.9,2,53.2,12,2,2022-07-15 09:00:05
1657875607995875000,52.9,2,52.8,8,53.0,4,2,2022-07-15 09:00:07
1657875608181209000,52.8,3,52.8,5,53.0,4,2,2022-07-15 09:00:08
1657875608555099000,52.8,1,52.8,8,53.0,4,2,2022-07-15 09:00:08
1657875608785617000,53.0,1,52.8,4,53.0,3,1,2022-07-15 09:00:08
1657875608812002000,53.0,1,52.8,4,53.0,4,1,2022-07-15 09:00:08
1657875609126335000,53.0,2,53.0,3,53.2,12,1,2022-07-15 09:00:09
1657875609155994000,53.0,2,53.0,1,53.2,12,2,2022-07-15 09:00:09
1657875609156388000,53.0,1,52.8,4,53.2,12,2,2022-07-15 09:00:09
1657875609395445000,52.8,4,52.6,8,52.8,6,2,2022-07-15 09:00:09
1657875609424975000,52.8,6,52.6,8,53.1,3,1,2022-07-15 09:00:09
1657875610694254000,52.8,1,52.6,8,52.8,11,1,2022-07-15 09:00:10
1657875611157745000,52.6,3,52.6,5,52.8,11,2,2022-07-15 09:00:11
1657875611336531000,52.7,3,52.6,5,53.2,8,1,2022-07-15 09:00:11
1657875611336531000,52.8,10,52.6,5,53.2,8,1,2022-07-15 09:00:11
1657875611336531000,52.9,1,52.6,5,53.2,8,1,2022-07-15 09:00:11
1657875611336531000,53.2,1,52.6,5,53.2,8,1,2022-07-15 09:00:11
1657875612203921000,53.2,1,52.7,1,53.2,7,1,2022-07-15 09:00:12
1657875612490203000,53.0,1,52.8,1,53.2,7,1,2022-07-15 09:00:12
1657875612829015000,53.2,2,52.8,1,53.2,5,1,2022-07-15 09:00:12
1657875614917105000,53.0,1,53.0,4,53.2,3,1,2022-07-15 09:00:14
1657875614941529000,53.0,4,52.8,1,53.2,3,2,2022-07-15 09:00:14
1657875615808142000,52.8,3,52.8,1,53.1,6,2,2022-07-15 09:00:15
1657875615842294000,52.8,1,52.7,1,53.1,3,2,2022-07-15 09:00:15
1657875618441348000,53.0,1,52.8,1,53.1,3,2,2022-07-15 09:00:18
1657875620198193000,52.8,2,52.7,1,52.8,4,2,2022-07-15 09:00:20
1657875620259837000,52.7,1,52.6,5,52.8,4,2,2022-07-15 09:00:20
1657875620736600000,52.8,1,52.6,5,52.8,3,1,2022-07-15 09:00:20
1657875621006521000,52.8,2,52.6,5,52.8,1,1,2022-07-15 09:00:21
1657875621210251000,52.8,1,52.6,5,52.9,1,1,2022-07-15 09:00:21
1657875622982037000,52.8,1,52.6,5,52.9,1,1,2022-07-15 09:00:22
1657875623372539000,52.9,1,53.0,3,53.1,3,1,2022-07-15 09:00:23
1657875623403808000,53.0,3,52.6,5,53.1,3,2,2022-07-15 09:00:23
1657875624538991000,52.9,1,52.8,1,53.1,8,2,2022-07-15 09:00:24
1657875624753797000,52.8,1,52.7,2,53.1,8,2,2022-07-15 09:00:24
1657875625976456000,52.8,3,52.8,5,53.0,5,2,2022-07-15 09:00:25
1657875626007875000,52.8,2,52.8,5,53.0,5,2,2022-07-15 09:00:26
1657875626525830000,53.0,3,52.8,3,53.0,2,1,2022-07-15 09:00:26
1657875626706460000,52.8,1,52.8,2,53.0,2,2,2022-07-15 09:00:26
1657875626814369000,52.8,2,52.7,2,52.9,2,2,2022-07-15 09:00:26
1657875628111806000,52.9,5,52.8,1,53.1,8,1,2022-07-15 09:00:28
1657875628111806000,53.0,5,52.8,1,53.1,8,1,2022-07-15 09:00:28
1657875629691184000,52.8,1,52.8,7,53.0,4,2,2022-07-15 09:00:29
1657875631203111000,52.8,1,52.8,7,52.9,5,2,2022-07-15 09:00:31
1657875631221824000,52.8,5,52.8,2,52.9,5,2,2022-07-15 09:00:31
1657875632330700000,52.9,1,52.8,3,52.9,6,1,2022-07-15 09:00:32
1657875632346523000,52.8,3,52.7,2,52.9,6,2,2022-07-15 09:00:32
1657875635643745000,52.8,1,52.8,2,52.9,6,2,2022-07-15 09:00:35
1657875635693725000,52.8,1,52.8,1,52.9,6,2,2022-07-15 09:00:35
1657875637523532000,52.8,1,52.8,1,52.9,6,2,2022-07-15 09:00:37
1657875637541693000,52.8,1,52.7,3,52.9,6,2,2022-07-15 09:00:37
1657875638022696000,52.7,4,52.6,7,52.8,2,2,2022-07-15 09:00:38
1657875638022696000,52.6,2,52.6,7,52.8,2,2,2022-07-15 09:00:38
1657875638055307000,52.8,1,52.6,7,52.8,2,1,2022-07-15 09:00:38
1657875638174515000,52.6,3,52.6,4,52.8,1,2,2022-07-15 09:00:38
1657875638184965000,52.6,1,52.6,3,52.8,1,2,2022-07-15 09:00:38
1657875639064024000,52.7,4,52.6,3,52.7,4,1,2022-07-15 09:00:39
1657875639064024000,52.8,1,52.6,3,52.7,4,1,2022-07-15 09:00:39
1657875639859549000,52.8,1,52.5,20,52.9,2,2,2022-07-15 09:00:39
1657875639859549000,52.7,1,52.5,20,52.9,2,2,2022-07-15 09:00:39
1657875639859549000,52.6,3,52.5,20,52.9,2,2,2022-07-15 09:00:39
1657875639859549000,52.5,5,52.5,20,52.9,2,2,2022-07-15 09:00:39
1657875639914051000,52.9,1,52.5,20,52.9,4,1,2022-07-15 09:00:39
1657875641074847000,52.8,1,52.8,2,52.9,1,2,2022-07-15 09:00:41
1657875641090431000,52.8,1,52.7,2,52.9,1,2,2022-07-15 09:00:41
1657875641123849000,52.7,2,52.5,20,52.9,1,2,2022-07-15 09:00:41
1657875641271367000,52.5,9,52.5,20,52.9,4,2,2022-07-15 09:00:41
1657875643285172000,52.5,2,52.5,9,52.8,3,2,2022-07-15 09:00:43
1657875644332214000,52.8,1,52.5,9,52.9,3,2,2022-07-15 09:00:44
1657875645106915000,52.7,1,52.5,9,52.9,5,2,2022-07-15 09:00:45
1657875645259828000,52.5,4,52.5,5,52.8,3,2,2022-07-15 09:00:45
1657875645535172000,52.5,1,52.5,3,52.8,3,2,2022-07-15 09:00:45
1657875645556495000,52.5,3,52.4,5,52.8,3,2,2022-07-15 09:00:45
1657875646583617000,52.4,1,52.4,4,52.8,3,2,2022-07-15 09:00:46
1657875646811307000,52.4,1,52.4,3,52.8,3,2,2022-07-15 09:00:46
1657875647000928000,52.8,1,52.5,1,52.8,4,1,2022-07-15 09:00:47
1657875647077946000,52.6,1,52.5,1,52.8,4,2,2022-07-15 09:00:47
1657875649838015000,52.5,3,52.4,3,52.7,2,2,2022-07-15 09:00:49
1657875651339413000,52.5,1,52.4,3,52.7,2,2,2022-07-15 09:00:51
1657875651826135000,52.5,1,52.5,1,52.7,4,2,2022-07-15 09:00:51
1657875651855759000,52.5,1,52.4,3,52.7,4,2,2022-07-15 09:00:51
1657875652603862000,52.5,9,52.5,11,52.7,5,2,2022-07-15 09:00:52
1657875652938827000,52.5,1,52.5,10,52.7,5,2,2022-07-15 09:00:52
1657875654095913000,52.5,1,52.5,9,52.7,7,2,2022-07-15 09:00:54
1657875655402521000,52.5,9,52.5,2,52.7,7,2,2022-07-15 09:00:55
1657875655429398000,52.5,2,52.4,4,52.7,7,2,2022-07-15 09:00:55
1657875655644266000,52.5,1,52.4,4,52.7,7,1,2022-07-15 09:00:55
1657875655664597000,52.4,2,52.4,2,52.7,7,2,2022-07-15 09:00:55
1657875656424374000,52.5,1,52.5,1,52.6,2,1,2022-07-15 09:00:56
1657875656704143000,52.5,4,52.5,9,52.6,2,2,2022-07-15 09:00:56
1657875657125344000,52.6,2,52.5,5,52.7,7,1,2022-07-15 09:00:57
1657875657222120000,52.7,2,52.5,5,52.7,5,1,2022-07-15 09:00:57
1657875658233539000,52.7,2,52.5,5,52.7,3,1,2022-07-15 09:00:58
1657875658397809000,52.5,1,52.5,4,52.7,3,2,2022-07-15 09:00:58
1657875658524457000,52.5,1,52.5,5,52.7,3,2,2022-07-15 09:00:58
1657875658734258000,52.7,1,52.6,1,52.7,2,1,2022-07-15 09:00:58
1657875658939503000,52.6,1,52.5,3,52.7,2,2,2022-07-15 09:00:58
1657875659247390000,52.7,2,52.5,3,52.8,5,1,2022-07-15 09:00:59
1657875660259693000,52.8,2,52.5,4,52.8,3,1,2022-07-15 09:01:00
1657875660658208000,52.6,5,52.5,5,52.8,3,1,2022-07-15 09:01:00
1657875660947221000,52.6,14,52.5,5,52.8,3,1,2022-07-15 09:01:00
1657875660966701000,52.5,3,52.5,5,52.6,2,2,2022-07-15 09:01:00
1657875661269973000,52.6,2,52.5,2,52.8,3,1,2022-07-15 09:01:01
1657875662279850000,52.8,2,52.6,7,52.8,1,1,2022-07-15 09:01:02
1657875662355899000,52.6,5,52.6,2,52.8,1,2,2022-07-15 09:01:02
1657875662930775000,52.7,1,52.6,2,52.8,1,1,2022-07-15 09:01:02
1657875663278306000,52.6,1,52.6,1,52.8,1,2,2022-07-15 09:01:03
1657875663298491000,52.8,1,52.6,1,52.9,8,1,2022-07-15 09:01:03
1657875663304675000,52.6,1,52.5,5,52.9,8,2,2022-07-15 09:01:03
1657875663496743000,52.5,1,52.5,5,52.7,1,2,2022-07-15 09:01:03
1657875663881773000,52.5,4,52.5,5,52.7,1,2,2022-07-15 09:01:03
1657875664018966000,52.5,1,52.5,4,52.7,1,2,2022-07-15 09:01:04
1657875664310861000,52.6,2,52.5,6,52.7,1,1,2022-07-15 09:01:04
1657875665335076000,52.7,2,52.6,1,52.7,4,1,2022-07-15 09:01:05
1657875665351785000,52.6,1,52.5,3,52.7,4,2,2022-07-15 09:01:05
1657875665351785000,52.5,3,52.5,3,52.7,4,2,2022-07-15 09:01:05
1657875666348804000,52.6,1,52.5,3,52.7,5,1,2022-07-15 09:01:06
1657875666816252000,52.5,1,52.5,2,52.7,5,2,2022-07-15 09:01:06
1657875666923565000,52.5,2,52.4,4,52.7,5,2,2022-07-15 09:01:06
1657875667363580000,52.7,2,52.4,4,52.7,5,1,2022-07-15 09:01:07
1657875667921688000,52.4,2,52.4,2,52.7,6,2,2022-07-15 09:01:07
1657875668206870000,52.6,1,52.4,2,52.7,6,2,2022-07-15 09:01:08
1657875668378742000,52.7,2,52.4,2,52.7,4,1,2022-07-15 09:01:08
1657875669389380000,52.6,1,52.5,1,52.7,4,1,2022-07-15 09:01:09
1657875670403808000,52.7,2,52.5,2,52.7,2,1,2022-07-15 09:01:10
1657875671294104000,52.7,1,52.5,3,52.7,1,1,2022-07-15 09:01:11
1657875671334139000,52.5,1,52.5,2,52.7,1,2,2022-07-15 09:01:11
1657875671426397000,52.7,1,52.5,2,52.8,4,1,2022-07-15 09:01:11
1657875671615880000,52.7,1,52.6,1,52.8,4,2,2022-07-15 09:01:11
1657875672008324000,52.6,2,52.5,2,52.8,4,2,2022-07-15 09:01:12
1657875672447023000,52.8,2,52.5,2,52.8,2,1,2022-07-15 09:01:12
1657875673467282000,52.8,2,52.6,3,52.9,8,1,2022-07-15 09:01:13
1657875674486455000,52.9,2,52.6,3,52.9,8,1,2022-07-15 09:01:14
1657875675132972000,52.9,1,52.7,5,52.9,7,1,2022-07-15 09:01:15
1657875675505189000,52.9,2,52.7,5,52.9,5,1,2022-07-15 09:01:15
1657875675505992000,52.9,1,52.7,5,52.9,4,1,2022-07-15 09:01:15
1657875676524549000,52.9,2,52.7,5,52.9,2,1,2022-07-15 09:01:16
1657875677253395000,52.7,5,52.6,5,52.8,4,2,2022-07-15 09:01:17
1657875677546038000,52.8,2,52.6,5,52.8,2,1,2022-07-15 09:01:17
1657875678009680000,52.8,1,52.6,5,52.8,2,1,2022-07-15 09:01:18
1657875678565650000,52.8,1,52.6,5,52.9,4,1,2022-07-15 09:01:18
1657875679583752000,52.9,2,52.7,1,52.9,4,1,2022-07-15 09:01:19
1657875680355446000,52.8,1,52.7,1,52.9,2,2,2022-07-15 09:01:20
1657875680602168000,52.9,2,52.8,1,52.9,2,1,2022-07-15 09:01:20
1657875681621262000,53.0,2,52.7,1,53.0,37,1,2022-07-15 09:01:21
1657875682157946000,52.7,1,52.7,2,52.9,1,2,2022-07-15 09:01:22
1657875682640814000,52.9,1,52.7,1,53.0,37,1,2022-07-15 09:01:22
1657875683661438000,53.0,2,52.7,1,53.0,35,1,2022-07-15 09:01:23
1657875683856692000,52.9,1,52.9,1,53.0,35,2,2022-07-15 09:01:23
1657875684515563000,52.9,1,52.8,3,52.9,1,1,2022-07-15 09:01:24
1657875684515563000,53.0,4,52.8,3,52.9,1,1,2022-07-15 09:01:24
1657875684680161000,53.0,2,52.9,1,53.0,31,1,2022-07-15 09:01:24
1657875685601338000,52.9,2,52.9,3,53.0,29,2,2022-07-15 09:01:25
1657875685698069000,53.0,2,52.9,1,53.0,27,1,2022-07-15 09:01:25
1657875686448648000,53.0,2,52.9,1,53.0,25,1,2022-07-15 09:01:26
1657875686716473000,53.0,2,52.9,1,53.0,22,1,2022-07-15 09:01:26
1657875686746260000,53.0,22,52.9,1,53.1,10,1,2022-07-15 09:01:26
1657875687697713000,53.0,5,52.9,1,53.1,11,2,2022-07-15 09:01:27
1657875687734771000,53.1,2,52.9,1,53.1,9,1,2022-07-15 09:01:27
1657875688233041000,53.1,1,52.9,1,53.1,8,1,2022-07-15 09:01:28
1657875688376252000,53.1,2,52.9,1,53.1,6,1,2022-07-15 09:01:28
1657875688754453000,53.1,2,52.9,2,53.1,4,1,2022-07-15 09:01:28
1657875689710508000,53.1,1,53.0,1,53.1,3,1,2022-07-15 09:01:29
1657875689773504000,53.1,2,53.0,1,53.1,1,1,2022-07-15 09:01:29
1657875689800731000,53.1,1,53.0,1,53.2,15,1,2022-07-15 09:01:29
1657875689843030000,53.1,3,53.0,1,53.2,15,2,2022-07-15 09:01:29
1657875690793331000,53.2,2,53.0,3,53.2,14,1,2022-07-15 09:01:30
1657875691811492000,53.2,2,53.1,1,53.2,14,1,2022-07-15 09:01:31
1657875692829734000,53.2,2,53.1,1,53.2,10,1,2022-07-15 09:01:32
1657875693822775000,53.2,1,53.1,1,53.2,9,1,2022-07-15 09:01:33
1657875693848855000,53.2,2,53.1,1,53.2,7,1,2022-07-15 09:01:33
1657875694246327000,53.1,1,53.0,1,53.2,9,2,2022-07-15 09:01:34
1657875694246327000,53.0,4,53.0,1,53.2,9,2,2022-07-15 09:01:34
1657875694747078000,53.2,1,53.0,1,53.2,8,1,2022-07-15 09:01:34
1657875695004323000,53.0,1,52.9,11,53.2,8,2,2022-07-15 09:01:35
1657875695004323000,52.9,1,52.9,11,53.2,8,2,2022-07-15 09:01:35
1657875695097648000,53.2,1,52.9,11,53.2,8,1,2022-07-15 09:01:35
1657875695155322000,52.9,5,52.9,6,53.2,7,2,2022-07-15 09:01:35
1657875695838298000,53.2,5,52.9,6,53.2,5,1,2022-07-15 09:01:35
1657875696224911000,53.2,1,53.1,5,53.2,4,1,2022-07-15 09:01:36
1657875696902813000,53.2,2,53.1,5,53.2,1,1,2022-07-15 09:01:36
1657875697824840000,53.1,1,53.1,4,53.2,2,2,2022-07-15 09:01:37
1657875697920807000,53.2,2,53.1,4,53.3,12,1,2022-07-15 09:01:37
1657875698849688000,53.1,5,53.1,6,53.3,14,2,2022-07-15 09:01:38
1657875698939695000,53.3,1,53.1,11,53.3,14,1,2022-07-15 09:01:38
1657875699325500000,53.2,1,53.1,6,53.3,13,2,2022-07-15 09:01:39
1657875699820544000,53.3,1,53.1,6,53.3,13,1,2022-07-15 09:01:39
1657875699959372000,53.3,2,53.1,6,53.3,11,1,2022-07-15 09:01:39
1657875700518387000,53.3,1,53.2,1,53.3,11,1,2022-07-15 09:01:40
1657875700800025000,53.2,1,53.1,2,53.3,10,2,2022-07-15 09:01:40
1657875700800025000,53.1,4,53.1,2,53.3,10,2,2022-07-15 09:01:40
1657875700831338000,53.1,2,53.0,1,53.3,10,2,2022-07-15 09:01:40
1657875700831617000,53.0,1,52.9,16,53.3,10,2,2022-07-15 09:01:40
1657875700978303000,53.3,2,52.9,16,53.3,8,1,2022-07-15 09:01:40
1657875701045056000,53.3,1,52.9,16,53.3,7,1,2022-07-15 09:01:41
1657875701495209000,53.2,7,53.2,3,53.3,7,2,2022-07-15 09:01:41
1657875701514961000,53.2,3,52.9,16,53.3,7,2,2022-07-15 09:01:41
1657875701996544000,53.3,1,53.2,5,53.3,9,1,2022-07-15 09:01:41
1657875702589696000,53.3,1,53.2,5,53.3,7,1,2022-07-15 09:01:42
1657875702722645000,53.3,6,53.2,5,53.4,21,1,2022-07-15 09:01:42
1657875702722645000,53.4,14,53.2,5,53.4,21,1,2022-07-15 09:01:42
1657875702900487000,53.3,3,53.2,5,53.4,22,2,2022-07-15 09:01:42
1657875703016218000,53.4,2,53.3,3,53.4,22,1,2022-07-15 09:01:43
1657875703336820000,53.4,2,53.2,5,53.4,18,1,2022-07-15 09:01:43
1657875704035009000,53.4,2,53.2,5,53.4,16,1,2022-07-15 09:01:44
1657875704073400000,53.2,2,53.2,3,53.4,16,2,2022-07-15 09:01:44
1657875704183927000,53.2,3,53.1,9,53.4,16,2,2022-07-15 09:01:44
1657875704183927000,53.1,2,53.1,9,53.4,16,2,2022-07-15 09:01:44
1657875704324991000,53.1,6,53.1,3,53.4,16,2,2022-07-15 09:01:44
1657875704351087000,53.1,3,53.0,2,53.4,16,2,2022-07-15 09:01:44
1657875706592339000,53.3,6,53.0,7,53.4,8,1,2022-07-15 09:01:46
1657875706592339000,53.4,9,53.0,7,53.4,8,1,2022-07-15 09:01:46
1657875707090732000,53.3,2,53.0,7,53.3,2,1,2022-07-15 09:01:47
1657875707127480000,53.3,2,53.0,7,53.3,4,1,2022-07-15 09:01:47
1657875707127480000,53.4,3,53.0,7,53.3,4,1,2022-07-15 09:01:47
1657875708109418000,53.3,2,53.2,3,53.4,6,1,2022-07-15 09:01:48
1657875708770321000,53.2,3,53.0,9,53.3,1,2,2022-07-15 09:01:48
1657875710005819000,53.1,4,53.1,3,53.3,3,2,2022-07-15 09:01:50
1657875710139536000,53.3,1,53.1,3,53.3,2,1,2022-07-15 09:01:50
1657875710412297000,53.3,2,53.1,3,53.3,2,1,2022-07-15 09:01:50
1657875712513491000,53.3,5,53.1,7,53.4,7,1,2022-07-15 09:01:52
1657875713630878000,53.4,1,53.1,7,53.4,6,1,2022-07-15 09:01:53
1657875713852010000,53.1,5,53.1,2,53.4,6,2,2022-07-15 09:01:53
1657875713891597000,53.1,2,53.0,10,53.4,6,2,2022-07-15 09:01:53
1657875714153482000,53.1,1,53.0,6,53.4,6,2,2022-07-15 09:01:54
1657875714153482000,53.0,4,53.0,6,53.4,6,2,2022-07-15 09:01:54
1657875714222211000,53.4,2,53.0,6,53.4,4,1,2022-07-15 09:01:54
1657875715240302000,53.3,1,53.0,7,53.3,2,1,2022-07-15 09:01:55
1657875715620856000,53.3,1,53.0,7,53.3,4,1,2022-07-15 09:01:55
1657875716168975000,53.3,1,53.0,7,53.3,2,1,2022-07-15 09:01:56
1657875716720123000,53.2,1,53.0,7,53.3,3,2,2022-07-15 09:01:56
1657875717746967000,53.3,1,53.1,2,53.3,1,1,2022-07-15 09:01:57
1657875717803277000,53.3,1,53.1,2,53.4,9,1,2022-07-15 09:01:57
1657875718986541000,53.2,1,53.1,2,53.3,2,1,2022-07-15 09:01:58
1657875718986541000,53.3,1,53.1,2,53.3,2,1,2022-07-15 09:01:58
1657875720751680000,53.2,1,53.1,3,53.3,3,2,2022-07-15 09:02:00
1657875720838649000,53.3,1,53.2,1,53.3,3,1,2022-07-15 09:02:00
1657875721285549000,53.3,1,53.1,4,53.3,1,1,2022-07-15 09:02:01
1657875721310135000,53.1,1,53.1,3,53.3,1,2,2022-07-15 09:02:01
1657875721636930000,53.2,1,53.2,1,53.3,1,2,2022-07-15 09:02:01
1657875722462928000,53.3,1,53.1,3,53.3,3,1,2022-07-15 09:02:02
1657875723063013000,53.2,1,53.1,3,53.3,3,2,2022-07-15 09:02:03
1657875723331328000,53.1,2,53.1,1,53.2,1,2,2022-07-15 09:02:03
1657875723349949000,53.1,1,53.0,10,53.2,1,2,2022-07-15 09:02:03
1657875724232693000,53.2,2,53.1,1,53.3,3,1,2022-07-15 09:02:04
1657875724299790000,53.2,2,53.1,1,53.4,16,1,2022-07-15 09:02:04
1657875724299790000,53.3,3,53.1,1,53.4,16,1,2022-07-15 09:02:04
1657875724300703000,53.1,1,53.0,10,53.4,16,2,2022-07-15 09:02:04
1657875725165819000,53.2,1,53.0,10,53.3,6,2,2022-07-15 09:02:05
1657875727717235000,53.2,1,53.1,2,53.3,11,2,2022-07-15 09:02:07
1657875727717235000,53.1,2,53.1,2,53.3,11,2,2022-07-15 09:02:07
1657875727788638000,53.1,1,53.1,1,53.2,1,2,2022-07-15 09:02:07
1657875728010056000,53.2,1,53.1,1,53.3,11,1,2022-07-15 09:02:08
1657875728139558000,53.2,1,53.2,1,53.3,11,2,2022-07-15 09:02:08
1657875728192957000,53.3,1,53.1,1,53.3,10,1,2022-07-15 09:02:08
1657875728418497000,53.1,1,53.0,10,53.3,10,2,2022-07-15 09:02:08
1657875728418497000,53.0,1,53.0,10,53.3,10,2,2022-07-15 09:02:08
1657875728521799000,53.2,3,53.0,10,53.3,10,1,2022-07-15 09:02:08
1657875730059819000,53.2,1,53.1,1,53.2,2,1,2022-07-15 09:02:10
1657875730375576000,53.1,1,53.0,9,53.2,2,2,2022-07-15 09:02:10
1657875730375576000,53.0,2,53.0,9,53.2,2,2,2022-07-15 09:02:10
1657875730548548000,53.1,1,53.0,9,53.1,2,1,2022-07-15 09:02:10
1657875731008929000,53.1,1,53.0,11,53.1,1,1,2022-07-15 09:02:11
1657875731548671000,53.2,2,53.0,11,53.3,9,1,2022-07-15 09:02:11
1657875731548671000,53.3,1,53.0,11,53.3,9,1,2022-07-15 09:02:11
1657875731880299000,53.1,1,53.0,11,53.3,15,2,2022-07-15 09:02:11
1657875732730238000,53.0,1,53.0,10,53.2,1,2,2022-07-15 09:02:12
1657875734529297000,53.1,1,53.0,11,53.3,9,1,2022-07-15 09:02:14
1657875734529297000,53.2,1,53.0,11,53.3,9,1,2022-07-15 09:02:14
1657875734529297000,53.3,8,53.0,11,53.3,9,1,2022-07-15 09:02:14
1657875735993190000,53.0,9,53.0,3,53.2,4,2,2022-07-15 09:02:15
1657875736019913000,53.0,3,52.9,16,53.2,5,2,2022-07-15 09:02:16
1657875736785246000,52.9,2,52.9,14,53.0,1,2,2022-07-15 09:02:16
1657875738051053000,53.0,1,52.9,16,53.1,1,1,2022-07-15 09:02:18
1657875739264163000,53.0,1,53.0,1,53.1,1,1,2022-07-15 09:02:19
1657875739295847000,53.0,1,52.9,16,53.1,2,2,2022-07-15 09:02:19
1657875739653728000,53.1,2,53.1,3,53.2,9,1,2022-07-15 09:02:19
1657875739685189000,53.1,3,52.9,16,53.2,8,2,2022-07-15 09:02:19
1657875740941279000,52.9,1,52.9,16,53.2,10,2,2022-07-15 09:02:20
1657875741309931000,52.9,1,52.9,15,53.1,1,2,2022-07-15 09:02:21
1657875741339847000,52.9,15,52.8,47,53.1,1,2,2022-07-15 09:02:21
1657875743143893000,53.0,1,52.8,47,53.1,6,1,2022-07-15 09:02:23
1657875743179815000,53.0,1,52.8,47,53.1,6,2,2022-07-15 09:02:23
1657875743697412000,52.8,2,52.8,45,53.1,6,2,2022-07-15 09:02:23
1657875743921550000,53.0,2,52.8,45,53.1,6,2,2022-07-15 09:02:23
1657875744811408000,52.8,44,52.7,5,52.8,6,2,2022-07-15 09:02:24
1657875744854749000,52.7,1,52.7,3,52.8,8,2,2022-07-15 09:02:24
1657875744855245000,52.7,1,52.7,2,52.8,8,2,2022-07-15 09:02:24
1657875744868638000,52.7,1,52.7,1,52.8,9,2,2022-07-15 09:02:24
1657875744873658000,52.7,1,52.6,31,52.8,9,2,2022-07-15 09:02:24
1657875745174762000,52.6,3,52.6,28,52.7,2,2,2022-07-15 09:02:25
1657875745201534000,52.6,1,52.6,27,52.7,3,2,2022-07-15 09:02:25
1657875745429055000,52.6,1,52.6,26,52.7,3,2,2022-07-15 09:02:25
1657875745434506000,52.6,2,52.6,24,52.7,3,2,2022-07-15 09:02:25
1657875745459451000,52.6,1,52.6,23,52.7,3,2,2022-07-15 09:02:25
1657875745488901000,52.6,1,52.6,23,52.7,4,2,2022-07-15 09:02:25
1657875746265477000,52.7,1,52.6,22,52.7,3,1,2022-07-15 09:02:26
1657875746735601000,52.6,1,52.6,21,52.7,3,2,2022-07-15 09:02:26
1657875747328667000,52.6,1,52.6,20,52.7,3,2,2022-07-15 09:02:27
1657875747734009000,52.7,2,52.6,20,52.7,1,1,2022-07-15 09:02:27
1657875748519330000,52.6,1,52.6,19,52.7,1,2,2022-07-15 09:02:28
1657875749210639000,52.6,1,52.6,18,52.7,1,2,2022-07-15 09:02:29
1657875749232390000,52.6,1,52.6,17,52.7,1,2,2022-07-15 09:02:29
1657875749644732000,52.7,1,52.6,18,52.8,9,1,2022-07-15 09:02:29
1657875750789295000,52.7,1,52.6,18,52.8,10,1,2022-07-15 09:02:30
1657875751273637000,52.7,1,52.6,17,52.8,10,2,2022-07-15 09:02:31
1657875751500101000,52.6,1,52.6,17,52.8,10,2,2022-07-15 09:02:31
1657875752308503000,52.6,2,52.6,14,52.8,10,2,2022-07-15 09:02:32
1657875752818398000,52.6,1,52.6,13,52.8,10,2,2022-07-15 09:02:32
1657875753970472000,52.7,1,52.6,13,52.8,11,1,2022-07-15 09:02:33
1657875754765387000,52.7,1,52.6,13,52.8,11,1,2022-07-15 09:02:34
1657875756272758000,52.6,1,52.6,13,52.8,11,2,2022-07-15 09:02:36
1657875757084253000,52.6,25,52.5,6,52.8,11,2,2022-07-15 09:02:37
1657875757084253000,52.5,25,52.5,6,52.8,11,2,2022-07-15 09:02:37
1657875757489194000,52.6,1,52.6,1,52.7,5,2,2022-07-15 09:02:37
1657875758738584000,52.6,1,52.6,4,52.7,5,2,2022-07-15 09:02:38
1657875759380335000,52.7,3,52.6,4,52.7,2,1,2022-07-15 09:02:39
1657875760704319000,52.7,1,52.6,6,52.7,1,1,2022-07-15 09:02:40
1657875761468050000,52.6,1,52.6,5,52.7,1,2,2022-07-15 09:02:41
1657875761580383000,52.6,3,52.6,2,52.7,1,2,2022-07-15 09:02:41
1657875761601050000,52.6,2,52.5,6,52.7,1,2,2022-07-15 09:02:41
1657875763072138000,52.7,1,52.7,1,52.8,11,1,2022-07-15 09:02:43
1657875763110188000,52.7,1,52.5,6,52.8,11,2,2022-07-15 09:02:43
1657875763432268000,52.6,1,52.5,7,52.8,11,1,2022-07-15 09:02:43
1657875763452848000,52.8,5,52.5,7,52.8,6,1,2022-07-15 09:02:43
1657875766977587000,52.6,1,52.6,1,52.8,5,2,2022-07-15 09:02:46
1657875767268483000,52.7,1,52.6,1,52.8,5,1,2022-07-15 09:02:47
1657875767456348000,52.8,3,52.6,1,52.8,3,1,2022-07-15 09:02:47
1657875770052909000,52.6,1,52.6,1,52.8,2,2,2022-07-15 09:02:50
1657875770074549000,52.6,1,52.5,4,52.8,2,2,2022-07-15 09:02:50
1657875770074549000,52.5,4,52.5,4,52.8,2,2,2022-07-15 09:02:50
1657875773122874000,52.5,2,52.5,4,52.7,2,2,2022-07-15 09:02:53
1657875773849466000,52.5,1,52.5,5,52.7,2,2,2022-07-15 09:02:53
1657875776194227000,52.6,1,52.6,1,52.7,4,2,2022-07-15 09:02:56
1657875776630063000,52.6,1,52.6,1,52.7,5,2,2022-07-15 09:02:56
1657875777236944000,52.6,1,52.5,8,52.7,5,1,2022-07-15 09:02:57
1657875781098466000,52.6,1,52.5,12,52.7,7,2,2022-07-15 09:03:01
1657875781158712000,52.5,8,52.5,12,52.7,7,2,2022-07-15 09:03:01
1657875781587904000,52.5,2,52.5,4,52.6,2,2,2022-07-15 09:03:01
1657875781747101000,52.6,2,52.5,2,52.7,5,1,2022-07-15 09:03:01
1657875781747101000,52.7,3,52.5,2,52.7,5,1,2022-07-15 09:03:01
1657875783475228000,52.6,1,52.5,4,52.7,5,1,2022-07-15 09:03:03
1657875784804625000,52.6,1,52.5,4,52.6,1,1,2022-07-15 09:03:04
1657875786487405000,52.7,5,52.6,5,52.7,5,1,2022-07-15 09:03:06
1657875786849213000,52.6,1,52.6,4,52.8,4,2,2022-07-15 09:03:06
1657875787825093000,52.8,1,52.7,1,52.8,3,1,2022-07-15 09:03:07
1657875788868061000,52.7,1,52.6,1,52.8,4,2,2022-07-15 09:03:08
1657875788868061000,52.6,3,52.6,1,52.8,4,2,2022-07-15 09:03:08
1657875789315078000,52.7,1,52.6,1,52.8,4,2,2022-07-15 09:03:09
1657875789938904000,52.8,4,52.8,11,52.9,3,1,2022-07-15 09:03:09
1657875789988114000,52.8,1,52.8,10,52.9,3,2,2022-07-15 09:03:09
1657875790885836000,52.8,5,52.8,5,52.9,3,2,2022-07-15 09:03:10
1657875790909891000,52.8,5,52.6,1,52.9,3,2,2022-07-15 09:03:10
1657875792826700000,52.9,1,52.6,3,52.9,3,1,2022-07-15 09:03:12
1657875795404962000,52.9,1,52.7,3,52.9,1,1,2022-07-15 09:03:15
1657875798259197000,52.9,1,52.7,3,53.0,7,1,2022-07-15 09:03:18
1657875800044544000,52.8,1,52.7,2,53.0,12,2,2022-07-15 09:03:20
1657875800044544000,52.7,2,52.7,2,53.0,12,2,2022-07-15 09:03:20
1657875802342819000,52.7,2,52.7,1,53.0,12,2,2022-07-15 09:03:22
1657875805139257000,52.9,1,52.7,1,53.0,3,1,2022-07-15 09:03:25
1657875805139257000,53.0,9,52.7,1,53.0,3,1,2022-07-15 09:03:25
1657875808246585000,52.7,2,52.6,8,52.9,1,2,2022-07-15 09:03:28
1657875808246585000,52.6,3,52.6,8,52.9,1,2,2022-07-15 09:03:28
1657875819666647000,52.7,2,52.6,9,52.9,7,2,2022-07-15 09:03:39
1657875819666647000,52.6,4,52.6,9,52.9,7,2,2022-07-15 09:03:39
1657875820467465000,52.6,4,52.6,6,52.8,1,2,2022-07-15 09:03:40
1657875822279306000,52.6,2,52.6,5,52.8,3,2,2022-07-15 09:03:42
1657875823438900000,52.8,1,52.6,3,52.8,2,1,2022-07-15 09:03:43
1657875827959417000,52.8,2,52.6,6,52.8,6,1,2022-07-15 09:03:47
1657875828680945000,52.8,1,52.6,7,52.8,3,1,2022-07-15 09:03:48
1657875829604353000,52.8,3,52.6,8,52.9,5,1,2022-07-15 09:03:49
1657875829604353000,52.9,2,52.6,8,52.9,5,1,2022-07-15 09:03:49
1657875830683644000,52.6,1,52.6,8,52.8,1,2,2022-07-15 09:03:50
1657875833847320000,52.8,1,52.6,15,52.8,1,1,2022-07-15 09:03:53
1657875834271991000,52.8,1,52.6,15,52.9,8,1,2022-07-15 09:03:54
1657875835196765000,52.9,1,52.7,2,52.9,7,1,2022-07-15 09:03:55
1657875835825318000,52.7,2,52.6,19,52.9,7,2,2022-07-15 09:03:55
1657875835825318000,52.6,1,52.6,19,52.9,7,2,2022-07-15 09:03:55
1657875837171506000,52.9,1,52.8,1,52.9,6,1,2022-07-15 09:03:57
1657875838001388000,52.9,3,52.8,1,52.9,3,1,2022-07-15 09:03:58
1657875838048972000,52.8,1,52.8,1,52.9,6,2,2022-07-15 09:03:58
1657875838361564000,52.8,2,52.7,1,52.9,3,1,2022-07-15 09:03:58
1657875842335666000,52.8,1,52.7,1,52.9,3,1,2022-07-15 09:04:02
1657875844476370000,52.7,1,52.7,3,52.9,25,2,2022-07-15 09:04:04
1657875847792704000,52.9,10,52.7,11,52.9,16,1,2022-07-15 09:04:07
1657875848922361000,52.8,3,52.7,11,52.9,16,1,2022-07-15 09:04:08
1657875850784230000,52.8,1,52.8,4,52.9,16,2,2022-07-15 09:04:10
1657875854495444000,52.8,5,52.8,4,52.9,16,2,2022-07-15 09:04:14
1657875855206936000,52.8,4,52.7,6,52.8,1,2,2022-07-15 09:04:15
1657875856414774000,52.8,1,52.7,5,52.8,1,1,2022-07-15 09:04:16
1657875858662303000,52.8,1,52.7,7,52.8,1,1,2022-07-15 09:04:18
1657875860313906000,52.8,1,52.7,7,52.8,1,1,2022-07-15 09:04:20
1657875861931148000,52.7,4,52.7,3,52.8,1,2,2022-07-15 09:04:21
1657875861961318000,52.7,1,52.7,2,52.8,1,2,2022-07-15 09:04:21
1657875869918898000,52.8,1,52.7,10,52.9,17,1,2022-07-15 09:04:29
1657875870232236000,52.7,6,52.7,4,52.9,18,2,2022-07-15 09:04:30
1657875871176892000,52.7,1,52.7,5,52.8,2,2,2022-07-15 09:04:31
1657875873042652000,52.8,2,52.7,8,52.9,17,1,2022-07-15 09:04:33
1657875874134434000,52.7,1,52.7,9,52.9,17,2,2022-07-15 09:04:34
1657875874709895000,52.7,2,52.7,7,52.9,17,2,2022-07-15 09:04:34
1657875875417995000,52.7,4,52.7,3,52.8,1,2,2022-07-15 09:04:35
1657875877174974000,52.7,1,52.7,3,52.8,2,2,2022-07-15 09:04:37
1657875879006369000,52.7,3,52.6,36,52.8,3,2,2022-07-15 09:04:39
1657875880813152000,52.7,2,52.6,36,52.8,6,1,2022-07-15 09:04:40
1657875888751074000,52.8,13,52.7,2,52.9,17,1,2022-07-15 09:04:48
1657875888770016000,52.7,1,52.7,1,52.9,17,2,2022-07-15 09:04:48
1657875894053450000,52.8,2,52.7,3,52.9,18,1,2022-07-15 09:04:54
1657875894721911000,52.7,3,52.6,35,52.7,7,2,2022-07-15 09:04:54
1657875894744235000,52.6,1,52.6,34,52.7,7,2,2022-07-15 09:04:54
1657875896593420000,52.6,30,52.6,5,52.7,7,2,2022-07-15 09:04:56
1657875896614018000,52.6,4,52.6,1,52.7,7,2,2022-07-15 09:04:56
1657875896614175000,52.6,1,52.5,43,52.7,7,2,2022-07-15 09:04:56
1657875898264744000,52.6,2,52.5,41,52.7,9,1,2022-07-15 09:04:58
1657875899279376000,52.6,1,52.5,41,52.7,10,2,2022-07-15 09:04:59
1657875900438586000,52.5,30,52.5,11,52.7,10,2,2022-07-15 09:05:00
1657875900468644000,52.5,5,52.5,6,52.6,4,2,2022-07-15 09:05:00
1657875900469073000,52.5,6,52.4,13,52.6,4,2,2022-07-15 09:05:00
1657875900559233000,52.5,1,52.4,14,52.6,11,1,2022-07-15 09:05:00
1657875900744291000,52.4,1,52.4,13,52.5,5,2,2022-07-15 09:05:00
1657875901359779000,52.4,1,52.4,12,52.5,5,2,2022-07-15 09:05:01
1657875901729938000,52.5,1,52.4,12,52.5,4,1,2022-07-15 09:05:01
1657875902241129000,52.4,1,52.4,10,52.5,4,2,2022-07-15 09:05:02
1657875903463571000,52.4,1,52.4,7,52.5,4,2,2022-07-15 09:05:03
1657875903501880000,52.5,4,52.4,7,52.6,7,1,2022-07-15 09:05:03
1657875904870020000,52.4,1,52.4,6,52.5,2,2,2022-07-15 09:05:04
1657875905192961000,52.5,1,52.4,6,52.5,1,1,2022-07-15 09:05:05
1657875905494987000,52.4,1,52.4,5,52.5,1,2,2022-07-15 09:05:05
1657875906152505000,52.4,1,52.4,4,52.5,1,2,2022-07-15 09:05:06
1657875907689986000,52.4,2,52.4,2,52.5,1,2,2022-07-15 09:05:07
1657875907726929000,52.4,1,52.4,1,52.5,1,2,2022-07-15 09:05:07
1657875908832559000,52.4,1,52.3,4,52.5,6,2,2022-07-15 09:05:08
1657875913639701000,52.5,3,52.4,2,52.5,8,1,2022-07-15 09:05:13
1657875913674376000,52.4,1,52.4,1,52.5,8,2,2022-07-15 09:05:13
1657875913701822000,52.4,1,52.3,6,52.5,8,2,2022-07-15 09:05:13
1657875917489913000,52.4,1,52.3,8,52.4,1,1,2022-07-15 09:05:17
1657875918402035000,52.4,1,52.3,7,52.5,8,1,2022-07-15 09:05:18
1657875923640570000,52.4,1,52.3,8,52.4,1,1,2022-07-15 09:05:23
1657875924448988000,52.4,1,52.3,8,52.4,2,1,2022-07-15 09:05:24
1657875924740307000,52.4,1,52.3,8,52.4,3,1,2022-07-15 09:05:24
1657875925211363000,52.4,1,52.3,8,52.4,2,1,2022-07-15 09:05:25
1657875925254152000,52.3,1,52.3,7,52.4,2,2,2022-07-15 09:05:25
1657875925283800000,52.4,1,52.3,7,52.4,1,1,2022-07-15 09:05:25
1657875925387020000,52.3,2,52.3,5,52.4,2,2,2022-07-15 09:05:25
1657875925402955000,52.3,2,52.3,3,52.4,4,2,2022-07-15 09:05:25
1657875925422956000,52.3,1,52.3,5,52.4,4,2,2022-07-15 09:05:25
1657875929889708000,52.4,5,52.3,3,52.4,1,1,2022-07-15 09:05:29
1657875932109218000,52.3,1,52.3,2,52.4,1,2,2022-07-15 09:05:32
1657875932366916000,52.4,1,52.3,1,52.5,11,1,2022-07-15 09:05:32
1657875933555427000,52.3,1,52.2,19,52.4,2,2,2022-07-15 09:05:33
1657875935440208000,52.4,1,52.3,9,52.4,1,1,2022-07-15 09:05:35
1657875937135337000,52.4,1,52.3,9,52.5,10,1,2022-07-15 09:05:37
1657875937135337000,52.5,1,52.3,9,52.5,10,1,2022-07-15 09:05:37
1657875941235379000,52.4,2,52.3,9,52.4,2,1,2022-07-15 09:05:41
1657875945722776000,52.4,1,52.3,12,52.4,2,1,2022-07-15 09:05:45
1657875947509986000,52.4,3,52.3,12,52.4,1,1,2022-07-15 09:05:47
1657875951166869000,52.4,1,52.3,13,52.4,12,1,2022-07-15 09:05:51
1657875951199767000,52.3,1,52.3,12,52.4,12,2,2022-07-15 09:05:51
1657875956636067000,52.3,8,52.3,3,52.4,18,2,2022-07-15 09:05:56
1657875956665073000,52.3,3,52.2,16,52.4,18,2,2022-07-15 09:05:56
1657875957865432000,52.2,1,52.2,15,52.3,1,2,2022-07-15 09:05:57
1657875957910082000,52.2,1,52.2,14,52.3,1,2,2022-07-15 09:05:57
1657875958023181000,52.2,1,52.2,13,52.3,2,2,2022-07-15 09:05:58
1657875961880569000,52.2,1,52.2,12,52.3,7,2,2022-07-15 09:06:01
1657875962173794000,52.2,5,52.2,7,52.3,7,2,2022-07-15 09:06:02
1657875962208358000,52.2,7,52.1,25,52.3,7,2,2022-07-15 09:06:02
1657875962474767000,52.1,1,52.1,25,52.2,1,2,2022-07-15 09:06:02
1657875962680423000,52.1,2,52.1,22,52.2,1,2,2022-07-15 09:06:02
1657875962715233000,52.1,1,52.1,21,52.2,1,2,2022-07-15 09:06:02
1657875964067850000,52.1,21,51.8,4,52.2,1,2,2022-07-15 09:06:04
1657875964067850000,52.0,69,51.8,4,52.2,1,2,2022-07-15 09:06:04
1657875964067850000,51.9,6,51.8,4,52.2,1,2,2022-07-15 09:06:04
1657875964067850000,51.8,4,51.8,4,52.2,1,2,2022-07-15 09:06:04
1657875965248774000,51.8,3,51.8,2,51.9,1,2,2022-07-15 09:06:05
1657875965280600000,51.8,1,51.7,1,51.9,1,2,2022-07-15 09:06:05
1657875965295555000,51.9,1,51.7,1,52.0,3,1,2022-07-15 09:06:05
1657875965697241000,51.7,1,51.5,34,51.8,4,2,2022-07-15 09:06:05
1657875965798223000,51.7,3,51.5,34,51.8,1,1,2022-07-15 09:06:05
1657875967251301000,51.5,1,51.5,33,51.8,1,2,2022-07-15 09:06:07
1657875967385511000,51.6,3,51.5,33,51.8,1,1,2022-07-15 09:06:07
1657875968464482000,51.5,2,51.5,33,51.8,1,2,2022-07-15 09:06:08
1657875969674592000,51.8,2,51.5,31,52.1,6,1,2022-07-15 09:06:09
1657875969674592000,52.0,3,51.5,31,52.1,6,1,2022-07-15 09:06:09
1657875970479061000,51.6,1,51.6,4,52.1,11,2,2022-07-15 09:06:10
1657875970560550000,51.6,1,51.6,2,52.0,3,2,2022-07-15 09:06:10
1657875971962707000,52.0,2,51.6,5,52.0,1,1,2022-07-15 09:06:11
1657875977246125000,51.8,1,51.7,7,51.9,1,1,2022-07-15 09:06:17
1657875981795363000,51.8,1,51.8,6,51.9,3,2,2022-07-15 09:06:21
1657875983931301000,51.8,1,51.8,4,51.9,3,2,2022-07-15 09:06:23
1657875983955400000,51.9,2,51.8,4,51.9,1,1,2022-07-15 09:06:23
1657875984728502000,51.9,1,51.8,4,52.0,3,1,2022-07-15 09:06:24
1657875984728502000,52.0,1,51.8,4,52.0,3,1,2022-07-15 09:06:24
1657875986315214000,51.8,2,51.8,2,51.9,1,2,2022-07-15 09:06:26
1657875986351473000,51.8,1,51.8,1,51.9,1,2,2022-07-15 09:06:26
1657875986389352000,51.8,1,51.7,4,51.9,1,2,2022-07-15 09:06:26
1657875987163662000,51.8,2,51.7,4,51.8,2,2,2022-07-15 09:06:27
1657875987201792000,51.8,2,51.7,4,51.9,1,1,2022-07-15 09:06:27
1657875989763978000,51.8,2,51.8,1,51.9,3,2,2022-07-15 09:06:29
1657875990448492000,51.8,1,51.8,1,51.9,4,2,2022-07-15 09:06:30
1657875990473393000,51.8,1,51.8,2,51.9,4,2,2022-07-15 09:06:30
1657875993212870000,51.7,3,51.7,4,51.9,4,2,2022-07-15 09:06:33
1657875995002097000,51.7,1,51.7,3,51.8,1,2,2022-07-15 09:06:35
1657875995019110000,51.7,1,51.7,2,51.8,1,2,2022-07-15 09:06:35
1657875995358079000,51.7,1,51.6,12,51.7,1,2,2022-07-15 09:06:35
1657875995396025000,51.7,1,51.6,12,51.8,2,1,2022-07-15 09:06:35
1657875995482753000,51.6,1,51.6,11,51.8,2,2,2022-07-15 09:06:35
1657875995736615000,51.6,1,51.6,9,51.8,2,2,2022-07-15 09:06:35
1657875995811289000,51.6,1,51.6,8,51.8,2,2,2022-07-15 09:06:35
1657875999401707000,51.7,1,51.6,8,51.8,2,1,2022-07-15 09:06:39
1657876000489495000,51.8,1,51.7,2,51.8,1,1,2022-07-15 09:06:40
1657876001097373000,51.7,1,51.7,1,51.8,1,2,2022-07-15 09:06:41
1657876001855261000,51.7,1,51.6,5,51.8,1,2,2022-07-15 09:06:41
1657876001855261000,51.6,7,51.6,5,51.8,1,2,2022-07-15 09:06:41
1657876002602673000,51.8,1,51.7,2,51.9,3,1,2022-07-15 09:06:42
1657876002602673000,51.9,2,51.7,2,51.9,3,1,2022-07-15 09:06:42
1657876003099072000,51.9,1,51.7,2,51.9,2,1,2022-07-15 09:06:43
1657876004977717000,51.9,2,51.7,2,52.0,8,1,2022-07-15 09:06:44
1657876004977717000,52.0,3,51.7,2,52.0,8,1,2022-07-15 09:06:44
1657876005969001000,52.0,5,51.7,2,52.0,3,1,2022-07-15 09:06:45
1657876006944261000,51.7,1,51.7,1,52.0,3,2,2022-07-15 09:06:46
1657876011962855000,52.0,3,51.9,1,52.1,11,1,2022-07-15 09:06:51
1657876011966480000,51.9,1,51.7,5,52.1,11,2,2022-07-15 09:06:51
1657876012739869000,51.9,1,51.7,5,52.1,10,2,2022-07-15 09:06:52
1657876015092595000,52.0,1,51.7,10,52.1,10,1,2022-07-15 09:06:55
1657876015846472000,51.7,5,51.7,5,52.1,11,2,2022-07-15 09:06:55
1657876020543775000,51.9,6,51.8,2,52.0,1,1,2022-07-15 09:07:00
1657876020561201000,51.8,1,51.7,16,52.0,1,2,2022-07-15 09:07:00
1657876020852582000,52.0,1,51.7,17,52.0,3,1,2022-07-15 09:07:00
1657876022484715000,51.7,1,51.7,20,52.0,7,2,2022-07-15 09:07:02
1657876025840901000,51.8,2,51.8,4,52.0,11,2,2022-07-15 09:07:05
1657876025848028000,51.8,1,51.8,3,52.0,11,2,2022-07-15 09:07:05
1657876025866321000,51.8,2,51.8,1,52.0,11,2,2022-07-15 09:07:05
1657876025973677000,51.7,2,51.7,18,51.9,1,2,2022-07-15 09:07:05
1657876029253927000,51.9,1,51.8,2,51.9,1,1,2022-07-15 09:07:09
1657876030498052000,51.8,1,51.8,1,51.9,1,2,2022-07-15 09:07:10
1657876040017785000,51.8,2,51.7,23,51.8,3,2,2022-07-15 09:07:20
1657876040055544000,51.7,1,51.7,22,51.8,3,2,2022-07-15 09:07:20
1657876040094429000,51.7,22,51.6,12,51.8,3,2,2022-07-15 09:07:20
1657876043159525000,51.7,1,51.6,11,51.7,2,1,2022-07-15 09:07:23
1657876046982501000,51.6,1,51.6,11,51.7,3,2,2022-07-15 09:07:26
1657876047923643000,51.7,1,51.6,11,51.7,3,1,2022-07-15 09:07:27
1657876048403297000,51.7,1,51.6,11,51.7,2,1,2022-07-15 09:07:28
1657876049532987000,51.7,2,51.6,16,51.8,6,1,2022-07-15 09:07:29
1657876049651498000,51.6,15,51.6,1,51.8,6,2,2022-07-15 09:07:29
1657876049678412000,51.6,1,51.5,42,51.8,6,2,2022-07-15 09:07:29
1657876049905997000,51.5,8,51.5,34,51.7,1,2,2022-07-15 09:07:29
1657876050240056000,51.7,1,51.5,34,51.7,2,1,2022-07-15 09:07:30
1657876050655889000,51.7,1,51.5,34,51.7,1,1,2022-07-15 09:07:30
1657876052282277000,51.7,2,51.5,34,51.8,6,1,2022-07-15 09:07:32
1657876053101506000,51.5,1,51.5,33,51.7,2,2,2022-07-15 09:07:33
1657876055051517000,51.5,1,51.5,32,51.7,7,2,2022-07-15 09:07:35
1657876055320093000,51.6,1,51.6,1,51.7,7,2,2022-07-15 09:07:35
1657876056874831000,51.6,1,51.5,31,51.7,7,2,2022-07-15 09:07:36
1657876056874831000,51.5,2,51.5,31,51.7,7,2,2022-07-15 09:07:36
1657876059962723000,51.5,1,51.5,30,51.7,9,2,2022-07-15 09:07:39
1657876060177740000,51.5,1,51.5,29,51.6,1,2,2022-07-15 09:07:40
1657876060319535000,51.5,5,51.5,24,51.6,1,2,2022-07-15 09:07:40
1657876061130055000,51.5,1,51.5,23,51.6,1,2,2022-07-15 09:07:41
1657876061703891000,51.5,1,51.5,22,51.6,2,2,2022-07-15 09:07:41
1657876062807353000,51.6,1,51.5,22,51.6,1,1,2022-07-15 09:07:42
1657876063549009000,51.5,3,51.5,19,51.6,1,2,2022-07-15 09:07:43
1657876064111635000,51.6,1,51.6,1,51.7,9,1,2022-07-15 09:07:44
1657876065227307000,51.6,1,51.5,1,51.7,9,2,2022-07-15 09:07:45
1657876065227307000,51.5,19,51.5,1,51.7,9,2,2022-07-15 09:07:45
1657876065288293000,51.6,1,51.5,1,51.6,4,1,2022-07-15 09:07:45
1657876065384786000,51.5,2,51.5,4,51.6,1,2,2022-07-15 09:07:45
1657876067695954000,51.5,2,51.5,1,51.6,1,2,2022-07-15 09:07:47
1657876067725166000,51.5,1,51.4,5,51.6,1,2,2022-07-15 09:07:47
1657876068693425000,51.5,1,51.4,5,51.5,2,2,2022-07-15 09:07:48
1657876068726866000,51.5,2,51.4,5,51.5,2,1,2022-07-15 09:07:48
1657876075127642000,51.6,1,51.5,9,51.6,4,1,2022-07-15 09:07:55
1657876075147271000,51.6,4,51.5,9,51.7,14,1,2022-07-15 09:07:55
1657876076267432000,51.5,1,51.5,8,51.7,13,2,2022-07-15 09:07:56
1657876077173353000,51.7,5,51.5,8,51.7,8,1,2022-07-15 09:07:57
1657876078368296000,51.7,8,51.5,12,51.8,8,1,2022-07-15 09:07:58
1657876078534030000,51.5,1,51.5,12,51.8,8,2,2022-07-15 09:07:58
1657876079561460000,51.5,7,51.5,6,51.8,8,2,2022-07-15 09:07:59
1657876081727481000,51.8,1,51.6,13,51.8,9,1,2022-07-15 09:08:01
1657876086404939000,51.8,9,51.6,16,51.9,9,1,2022-07-15 09:08:06
1657876087197126000,51.8,1,51.6,16,51.9,9,1,2022-07-15 09:08:07
1657876087621910000,51.6,1,51.6,15,51.9,9,2,2022-07-15 09:08:07
1657876087671094000,51.6,1,51.6,14,51.9,9,2,2022-07-15 09:08:07
1657876087688165000,51.6,1,51.6,13,51.9,9,2,2022-07-15 09:08:07
1657876087803666000,51.6,2,51.6,11,51.9,9,2,2022-07-15 09:08:07
1657876092884109000,51.8,1,51.6,11,51.9,10,1,2022-07-15 09:08:12
1657876093136355000,51.8,1,51.8,2,51.9,10,2,2022-07-15 09:08:13
1657876093527428000,51.8,1,51.6,11,51.9,10,2,2022-07-15 09:08:13
1657876095935341000,51.6,9,51.6,3,51.8,1,2,2022-07-15 09:08:15
1657876095991490000,51.7,1,51.6,3,51.8,1,1,2022-07-15 09:08:15
1657876096073286000,51.6,3,51.5,1,51.8,1,2,2022-07-15 09:08:16
1657876096073286000,51.5,7,51.5,1,51.8,1,2,2022-07-15 09:08:16
1657876103981045000,51.5,1,51.5,3,51.8,6,2,2022-07-15 09:08:23
1657876104056328000,51.5,3,51.4,10,51.8,6,2,2022-07-15 09:08:24
1657876104255773000,51.5,1,51.5,2,51.7,2,2,2022-07-15 09:08:24
1657876115602808000,51.7,1,51.5,6,51.7,8,1,2022-07-15 09:08:35
1657876116135087000,51.5,5,51.5,1,51.7,9,2,2022-07-15 09:08:36
1657876116163445000,51.5,1,51.4,10,51.7,10,2,2022-07-15 09:08:36
1657876120788652000,51.5,2,51.5,3,51.6,1,2,2022-07-15 09:08:40
1657876126222288000,51.6,1,51.5,2,51.6,1,1,2022-07-15 09:08:46
1657876132009443000,51.6,1,51.5,9,51.6,1,1,2022-07-15 09:08:52
1657876136849579000,51.6,1,51.5,10,51.6,1,1,2022-07-15 09:08:56
1657876137107598000,51.5,8,51.5,2,51.6,1,2,2022-07-15 09:08:57
1657876137145212000,51.5,1,51.5,1,51.6,1,2,2022-07-15 09:08:57
1657876138166133000,51.6,1,51.5,3,51.7,9,1,2022-07-15 09:08:58
1657876143950571000,51.6,3,51.6,2,51.7,9,2,2022-07-15 09:09:03
1657876144000511000,51.6,1,51.6,5,51.7,9,2,2022-07-15 09:09:04
1657876144910309000,51.6,1,51.5,5,51.7,9,2,2022-07-15 09:09:04
1657876152116041000,51.5,1,51.5,7,51.6,3,2,2022-07-15 09:09:12
1657876158431482000,51.5,8,51.5,2,51.6,3,2,2022-07-15 09:09:18
1657876159025665000,51.5,2,51.4,13,51.5,2,2,2022-07-15 09:09:19
1657876159309738000,51.5,2,51.5,8,51.6,3,1,2022-07-15 09:09:19
1657876168237542000,51.5,7,51.5,6,51.6,3,2,2022-07-15 09:09:28
1657876168274731000,51.5,6,51.4,13,51.6,3,2,2022-07-15 09:09:28
1657876170739334000,51.5,1,51.4,13,51.6,3,2,2022-07-15 09:09:30
1657876170989882000,51.4,2,51.4,11,51.6,1,2,2022-07-15 09:09:30
1657876171979193000,51.4,1,51.4,10,51.6,1,2,2022-07-15 09:09:31
1657876172518700000,51.4,10,51.3,14,51.5,1,2,2022-07-15 09:09:32
1657876173551762000,51.4,2,51.3,14,51.4,2,1,2022-07-15 09:09:33
1657876178049351000,51.3,2,51.3,13,51.4,11,2,2022-07-15 09:09:38
1657876179044692000,51.3,1,51.3,12,51.4,11,2,2022-07-15 09:09:39
1657876179866535000,51.3,1,51.3,12,51.4,12,2,2022-07-15 09:09:39
1657876180999602000,51.4,1,51.3,12,51.4,11,1,2022-07-15 09:09:40
1657876182498830000,51.3,1,51.3,11,51.4,11,2,2022-07-15 09:09:42
1657876184047452000,51.3,1,51.3,10,51.4,11,2,2022-07-15 09:09:44
1657876186065486000,51.3,1,51.3,9,51.4,11,2,2022-07-15 09:09:46
1657876188597583000,51.3,1,51.3,8,51.4,11,2,2022-07-15 09:09:48
1657876189812066000,51.3,1,51.3,7,51.4,11,2,2022-07-15 09:09:49
1657876189846205000,51.3,1,51.3,6,51.4,11,2,2022-07-15 09:09:49
1657876193622071000,51.4,2,51.3,7,51.4,9,1,2022-07-15 09:09:53
1657876193653945000,51.4,9,51.3,7,51.5,2,1,2022-07-15 09:09:53
1657876193659481000,51.3,1,51.3,6,51.5,2,2,2022-07-15 09:09:53
1657876196640123000,51.3,1,51.3,8,51.5,5,2,2022-07-15 09:09:56
1657876196717965000,51.3,1,51.3,7,51.5,5,2,2022-07-15 09:09:56
1657876196808333000,51.3,1,51.3,6,51.5,5,2,2022-07-15 09:09:56
1657876199749397000,51.4,1,51.3,6,51.5,5,2,2022-07-15 09:09:59
1657876201574286000,51.3,1,51.3,6,51.4,1,2,2022-07-15 09:10:01
1657876208200755000,51.3,2,51.3,7,51.4,12,2,2022-07-15 09:10:08
1657876208675148000,51.3,1,51.3,6,51.4,12,2,2022-07-15 09:10:08
1657876211958185000,51.3,1,51.3,5,51.4,12,2,2022-07-15 09:10:11
1657876211958421000,51.3,1,51.3,4,51.4,12,2,2022-07-15 09:10:11
1657876214398702000,51.3,4,51.2,15,51.3,1,2,2022-07-15 09:10:14
1657876214431005000,51.3,1,51.2,15,51.4,7,1,2022-07-15 09:10:14
1657876215628839000,51.3,2,51.2,15,51.3,9,1,2022-07-15 09:10:15
1657876215658744000,51.3,9,51.2,15,51.4,8,1,2022-07-15 09:10:15
1657876216709195000,51.2,15,51.0,14,51.4,9,2,2022-07-15 09:10:16
1657876216709195000,51.1,41,51.0,14,51.4,9,2,2022-07-15 09:10:16
1657876216709195000,51.0,43,51.0,14,51.4,9,2,2022-07-15 09:10:16
1657876217033302000,51.3,1,51.0,14,51.3,9,1,2022-07-15 09:10:17
1657876217649562000,51.3,1,51.0,14,51.3,6,1,2022-07-15 09:10:17
1657876217694086000,51.3,1,51.0,14,51.3,4,1,2022-07-15 09:10:17
1657876219254387000,51.1,3,51.0,8,51.3,4,2,2022-07-15 09:10:19
1657876219254387000,51.0,6,51.0,8,51.3,4,2,2022-07-15 09:10:19
1657876219624036000,51.1,1,51.0,9,51.3,4,2,2022-07-15 09:10:19
1657876220646180000,51.1,1,51.1,1,51.3,23,2,2022-07-15 09:10:20
1657876221665947000,51.0,1,51.0,7,51.2,5,2,2022-07-15 09:10:21
1657876222025205000,51.1,1,51.1,2,51.2,4,2,2022-07-15 09:10:22
1657876222978488000,51.2,2,51.1,1,51.2,2,1,2022-07-15 09:10:22
1657876225399596000,51.2,2,51.1,2,51.2,13,1,2022-07-15 09:10:25
1657876225634128000,51.1,2,51.0,9,51.2,13,2,2022-07-15 09:10:25
1657876228227627000,51.2,2,51.1,2,51.2,11,1,2022-07-15 09:10:28
1657876228413047000,51.1,1,51.1,1,51.2,11,2,2022-07-15 09:10:28
1657876229485697000,51.1,1,51.1,1,51.2,11,2,2022-07-15 09:10:29
1657876230323539000,51.1,1,51.0,10,51.2,11,2,2022-07-15 09:10:30
1657876230825905000,51.2,1,51.0,10,51.2,10,1,2022-07-15 09:10:30
1657876231472470000,51.0,7,51.0,3,51.2,10,2,2022-07-15 09:10:31
1657876231606000000,51.2,1,51.0,3,51.2,9,1,2022-07-15 09:10:31
1657876231869046000,51.1,2,51.1,2,51.2,9,2,2022-07-15 09:10:31
1657876235197186000,51.1,1,51.1,3,51.2,11,2,2022-07-15 09:10:35
1657876235333069000,51.2,1,51.1,3,51.2,11,1,2022-07-15 09:10:35
1657876236051447000,51.1,1,51.1,2,51.2,11,2,2022-07-15 09:10:36
1657876237391588000,51.1,1,51.1,1,51.2,11,2,2022-07-15 09:10:37
1657876237602850000,51.1,1,51.0,5,51.2,11,2,2022-07-15 09:10:37
1657876239301444000,51.1,1,51.0,5,51.1,1,1,2022-07-15 09:10:39
1657876239693473000,51.1,1,51.0,5,51.1,1,1,2022-07-15 09:10:39
1657876242774912000,51.1,1,51.1,2,51.2,13,2,2022-07-15 09:10:42
1657876245234589000,51.1,1,51.1,1,51.2,13,2,2022-07-15 09:10:45
1657876245311610000,51.1,1,51.0,7,51.1,5,2,2022-07-15 09:10:45
1657876247393310000,51.1,1,51.0,9,51.1,5,1,2022-07-15 09:10:47
1657876249171337000,51.0,1,51.0,8,51.1,5,2,2022-07-15 09:10:49
1657876250231977000,51.0,2,51.0,11,51.1,6,2,2022-07-15 09:10:50
1657876251022310000,51.0,10,51.0,1,51.1,6,2,2022-07-15 09:10:51
1657876251251451000,51.0,1,51.0,3,51.1,6,2,2022-07-15 09:10:51
1657876251761162000,51.0,1,51.0,9,51.1,6,2,2022-07-15 09:10:51
1657876251865864000,51.0,1,51.0,8,51.1,6,2,2022-07-15 09:10:51
1657876252167177000,51.0,1,51.0,8,51.1,7,2,2022-07-15 09:10:52
1657876253609200000,51.0,1,51.0,6,51.1,8,2,2022-07-15 09:10:53
1657876254047972000,51.1,1,51.0,6,51.1,7,1,2022-07-15 09:10:54
1657876256290397000,51.0,1,51.0,7,51.1,7,2,2022-07-15 09:10:56
1657876258995415000,51.0,1,51.0,6,51.1,7,2,2022-07-15 09:10:58
1657876264313690000,51.0,1,51.0,12,51.1,11,2,2022-07-15 09:11:04
1657876264611128000,51.0,12,50.9,11,51.0,5,2,2022-07-15 09:11:04
1657876264641759000,51.0,5,50.9,11,51.1,12,1,2022-07-15 09:11:04
1657876264662845000,50.9,1,50.9,11,51.1,12,2,2022-07-15 09:11:04
1657876265528030000,50.9,2,50.9,8,51.1,12,2,2022-07-15 09:11:05
1657876266547407000,50.9,2,50.9,10,51.0,3,2,2022-07-15 09:11:06
1657876267566246000,50.9,1,50.9,7,51.0,3,2,2022-07-15 09:11:07
1657876269455332000,50.9,1,50.9,7,51.0,4,2,2022-07-15 09:11:09
1657876269624264000,50.9,1,50.9,6,51.0,4,2,2022-07-15 09:11:09
1657876269680183000,50.9,4,50.9,2,51.0,6,2,2022-07-15 09:11:09
1657876269713423000,50.9,2,50.8,14,51.0,6,2,2022-07-15 09:11:09
1657876271854094000,50.9,1,50.9,4,51.0,7,1,2022-07-15 09:11:11
1657876271889159000,50.9,4,50.8,14,51.0,6,2,2022-07-15 09:11:11
1657876273219311000,50.9,1,50.8,14,51.0,5,1,2022-07-15 09:11:13
1657876273304738000,51.0,2,50.8,14,51.0,3,1,2022-07-15 09:11:13
1657876273668045000,50.9,1,50.8,14,51.0,3,1,2022-07-15 09:11:13
1657876275913496000,50.8,4,50.8,10,50.9,1,2,2022-07-15 09:11:15
1657876275937510000,50.9,1,50.8,10,51.0,11,1,2022-07-15 09:11:15
1657876275957560000,50.8,1,50.8,9,51.0,11,2,2022-07-15 09:11:15
1657876275981231000,50.8,1,50.8,8,51.0,11,2,2022-07-15 09:11:15
1657876276527395000,51.0,11,50.9,13,51.1,11,1,2022-07-15 09:11:16
1657876277159208000,51.0,1,50.9,15,51.0,1,1,2022-07-15 09:11:17
1657876277159208000,51.1,4,50.9,15,51.0,1,1,2022-07-15 09:11:17
1657876280006467000,51.0,1,50.9,16,51.1,7,2,2022-07-15 09:11:20
1657876280646332000,51.1,3,50.9,16,51.1,4,1,2022-07-15 09:11:20
1657876281797293000,51.1,2,51.0,1,51.1,2,1,2022-07-15 09:11:21
1657876281832482000,51.1,2,51.0,1,51.2,19,1,2022-07-15 09:11:21
1657876283246823000,51.1,1,51.0,1,51.2,16,2,2022-07-15 09:11:23
1657876284099236000,51.1,2,51.0,1,51.1,2,1,2022-07-15 09:11:24
1657876288554821000,51.2,1,51.1,3,51.2,15,1,2022-07-15 09:11:28
1657876288595777000,51.2,15,51.1,3,51.3,14,1,2022-07-15 09:11:28
1657876290025717000,51.1,1,51.1,2,51.3,14,2,2022-07-15 09:11:30
1657876292927317000,51.1,1,51.1,3,51.2,1,2,2022-07-15 09:11:32
1657876294116151000,51.2,1,51.1,3,51.3,14,1,2022-07-15 09:11:34
1657876296675039000,51.2,1,51.1,5,51.2,3,1,2022-07-15 09:11:36
1657876297134189000,51.2,1,51.1,5,51.2,2,1,2022-07-15 09:11:37
1657876297625831000,51.2,2,51.2,8,51.3,14,1,2022-07-15 09:11:37
1657876298483963000,51.2,1,51.2,14,51.3,14,2,2022-07-15 09:11:38
1657876300730143000,51.2,1,51.2,13,51.3,14,2,2022-07-15 09:11:40
1657876302043830000,51.3,2,51.2,18,51.3,12,1,2022-07-15 09:11:42
1657876303839191000,51.3,10,51.2,18,51.3,2,1,2022-07-15 09:11:43
1657876303862364000,51.3,2,51.2,18,51.4,11,1,2022-07-15 09:11:43
1657876304052308000,51.2,1,51.2,17,51.4,11,2,2022-07-15 09:11:44
1657876306482811000,51.3,1,51.2,17,51.3,8,1,2022-07-15 09:11:46
1657876308463979000,51.2,1,51.2,15,51.3,7,2,2022-07-15 09:11:48
1657876308486733000,51.2,15,51.1,8,51.3,7,2,2022-07-15 09:11:48
1657876309874022000,51.2,1,51.1,8,51.3,9,2,2022-07-15 09:11:49
1657876311961011000,51.2,1,51.2,1,51.3,7,2,2022-07-15 09:11:51
1657876312407905000,51.1,2,51.1,9,51.3,7,2,2022-07-15 09:11:52
1657876314662750000,51.3,7,51.3,3,51.4,4,1,2022-07-15 09:11:54
1657876314698688000,51.3,3,51.1,7,51.4,4,2,2022-07-15 09:11:54
1657876315270862000,51.1,1,51.1,6,51.4,7,2,2022-07-15 09:11:55
1657876328368430000,51.1,1,51.1,8,51.3,5,2,2022-07-15 09:12:08
1657876331023090000,51.1,1,51.1,7,51.3,5,2,2022-07-15 09:12:11
1657876333454207000,51.2,1,51.1,6,51.3,5,1,2022-07-15 09:12:13
1657876343787879000,51.1,1,51.1,15,51.2,3,2,2022-07-15 09:12:23
1657876344549498000,51.2,2,51.1,15,51.2,1,1,2022-07-15 09:12:24
1657876345999598000,51.2,1,51.2,1,51.3,5,1,2022-07-15 09:12:25
1657876347379846000,51.3,1,51.2,1,51.3,4,1,2022-07-15 09:12:27
1657876349174979000,51.3,1,51.2,1,51.4,7,1,2022-07-15 09:12:29
1657876349442793000,51.3,1,51.2,1,51.4,6,2,2022-07-15 09:12:29
1657876354751390000,51.4,6,51.2,1,51.5,6,1,2022-07-15 09:12:34
1657876357645366000,51.3,1,51.2,2,51.5,10,2,2022-07-15 09:12:37
1657876357897461000,51.5,3,51.2,2,51.5,7,1,2022-07-15 09:12:37
1657876364640818000,51.5,1,51.3,1,51.5,9,1,2022-07-15 09:12:44
1657876366841358000,51.5,1,51.3,1,51.5,8,1,2022-07-15 09:12:46
1657876369355229000,51.4,10,51.4,10,51.5,8,2,2022-07-15 09:12:49
1657876378286448000,51.4,3,51.3,8,51.4,6,1,2022-07-15 09:12:58
1657876383153318000,51.4,1,51.3,9,51.4,4,1,2022-07-15 09:13:03
1657876387247530000,51.4,1,51.3,9,51.4,4,1,2022-07-15 09:13:07
1657876390269997000,51.4,3,51.3,8,51.5,2,1,2022-07-15 09:13:10
1657876390269997000,51.5,7,51.3,8,51.5,2,1,2022-07-15 09:13:10
1657876394678911000,51.4,1,51.3,9,51.4,2,1,2022-07-15 09:13:14
1657876397039989000,51.4,1,51.3,9,51.5,4,2,2022-07-15 09:13:17
1657876400600530000,51.5,4,51.5,1,51.6,10,1,2022-07-15 09:13:20
1657876400632897000,51.5,1,51.3,9,51.6,10,2,2022-07-15 09:13:20
1657876401227143000,51.3,9,51.2,11,51.6,13,2,2022-07-15 09:13:21
1657876401300407000,51.4,3,51.2,10,51.5,1,2,2022-07-15 09:13:21
1657876403743330000,51.3,1,51.2,9,51.4,4,2,2022-07-15 09:13:23
1657876403981998000,51.4,1,51.2,9,51.4,2,1,2022-07-15 09:13:23
1657876404991827000,51.2,8,51.2,1,51.5,3,2,2022-07-15 09:13:24
1657876405026136000,51.2,1,51.1,18,51.5,3,2,2022-07-15 09:13:25
1657876408369164000,51.2,1,51.1,18,51.4,5,2,2022-07-15 09:13:28
1657876408527474000,51.1,1,51.1,18,51.4,5,2,2022-07-15 09:13:28
1657876409080577000,51.2,1,51.1,17,51.4,5,2,2022-07-15 09:13:29
1657876410272802000,51.4,5,51.1,17,51.4,1,1,2022-07-15 09:13:30
1657876429338682000,51.3,1,51.3,1,51.4,2,2,2022-07-15 09:13:49
1657876429371502000,51.3,1,51.3,2,51.4,2,2,2022-07-15 09:13:49
1657876433459551000,51.3,1,51.2,8,51.4,4,2,2022-07-15 09:13:53
1657876436444887000,51.2,1,51.2,7,51.4,4,2,2022-07-15 09:13:56
1657876436475776000,51.2,6,51.2,1,51.4,5,2,2022-07-15 09:13:56
1657876436476477000,51.2,1,51.1,21,51.4,5,2,2022-07-15 09:13:56
1657876442521560000,51.1,20,51.0,3,51.3,2,2,2022-07-15 09:14:02
1657876442521560000,51.0,30,51.0,3,51.3,2,2,2022-07-15 09:14:02
1657876442599723000,51.0,1,51.0,2,51.2,11,2,2022-07-15 09:14:02
1657876442599845000,51.0,2,50.9,13,51.2,11,2,2022-07-15 09:14:02
1657876445785879000,51.1,1,50.9,13,51.2,12,2,2022-07-15 09:14:05
1657876446163205000,50.9,3,50.9,10,51.2,12,2,2022-07-15 09:14:06
1657876450720865000,50.9,1,50.9,9,51.1,4,2,2022-07-15 09:14:10
1657876454059709000,50.9,2,50.9,7,51.1,4,2,2022-07-15 09:14:14
1657876454885659000,50.9,7,50.8,20,50.9,2,2,2022-07-15 09:14:14
1657876455440282000,50.8,1,50.8,19,50.9,3,2,2022-07-15 09:14:15
1657876459923176000,50.9,2,50.8,19,50.9,1,1,2022-07-15 09:14:19
1657876459980374000,50.8,1,50.8,18,50.9,1,2,2022-07-15 09:14:19
1657876460932277000,50.8,2,50.8,16,50.9,2,2,2022-07-15 09:14:20
1657876460967791000,50.8,1,50.8,15,50.9,3,2,2022-07-15 09:14:20
1657876462858349000,50.9,1,50.8,15,50.9,2,1,2022-07-15 09:14:22
1657876462958847000,50.8,2,50.8,13,50.9,2,2,2022-07-15 09:14:22
1657876462965553000,50.9,1,50.8,13,50.9,1,1,2022-07-15 09:14:22
1657876463025219000,50.8,1,50.8,12,50.9,1,2,2022-07-15 09:14:23
1657876463347193000,50.8,1,50.8,11,50.9,1,2,2022-07-15 09:14:23
1657876466226184000,50.8,1,50.8,8,50.9,1,2,2022-07-15 09:14:26
1657876467312970000,50.8,1,50.8,8,50.9,1,2,2022-07-15 09:14:27
1657876469031811000,50.8,8,50.7,10,50.8,1,2,2022-07-15 09:14:29
1657876469058538000,50.8,1,50.7,10,50.9,1,1,2022-07-15 09:14:29
1657876469409235000,50.7,1,50.7,9,50.8,1,2,2022-07-15 09:14:29
1657876469465604000,50.7,1,50.7,8,50.8,1,2,2022-07-15 09:14:29
1657876470238092000,50.8,1,50.7,8,50.9,1,1,2022-07-15 09:14:30
1657876470274634000,50.7,2,50.7,6,50.9,1,2,2022-07-15 09:14:30
1657876471296656000,50.7,2,50.7,4,50.8,1,2,2022-07-15 09:14:31
1657876472316483000,50.7,1,50.7,4,50.8,2,2,2022-07-15 09:14:32
1657876472490486000,50.7,2,50.7,2,50.8,2,2,2022-07-15 09:14:32
1657876472535163000,50.7,1,50.7,1,50.8,3,2,2022-07-15 09:14:32
1657876472571505000,50.7,1,50.6,14,50.7,3,2,2022-07-15 09:14:32
1657876473619504000,50.7,1,50.7,1,50.8,12,2,2022-07-15 09:14:33
1657876473696122000,50.7,1,50.6,14,50.8,12,1,2022-07-15 09:14:33
1657876474197034000,50.7,1,50.6,14,50.8,12,1,2022-07-15 09:14:34
1657876474197034000,50.8,1,50.6,14,50.8,12,1,2022-07-15 09:14:34
1657876475038088000,50.7,1,50.7,9,50.8,12,2,2022-07-15 09:14:35
1657876479246828000,50.7,8,50.7,4,50.8,12,2,2022-07-15 09:14:39
1657876479287070000,50.7,1,50.7,3,50.8,12,2,2022-07-15 09:14:39
1657876482336583000,50.7,1,50.7,2,50.8,12,2,2022-07-15 09:14:42
1657876484001997000,50.8,12,50.7,4,50.9,2,1,2022-07-15 09:14:44
1657876488254284000,50.7,1,50.7,7,50.9,1,2,2022-07-15 09:14:48
1657876489136592000,50.8,1,50.7,8,50.9,1,1,2022-07-15 09:14:49
1657876492449700000,50.8,2,50.6,12,50.9,2,2,2022-07-15 09:14:52
1657876492449700000,50.7,7,50.6,12,50.9,2,2,2022-07-15 09:14:52
1657876492449700000,50.6,4,50.6,12,50.9,2,2,2022-07-15 09:14:52
1657876492689009000,50.6,1,50.6,11,50.8,2,2,2022-07-15 09:14:52
1657876492749554000,50.6,1,50.6,10,50.8,2,2,2022-07-15 09:14:52
1657876492796561000,50.6,1,50.6,9,50.8,2,2,2022-07-15 09:14:52
1657876494457149000,50.6,9,50.4,6,50.5,9,2,2022-07-15 09:14:54
1657876494457149000,50.5,27,50.4,6,50.5,9,2,2022-07-15 09:14:54
1657876494462307000,50.5,2,50.4,6,50.5,7,1,2022-07-15 09:14:54
1657876494492427000,50.5,7,50.4,6,50.8,3,1,2022-07-15 09:14:54
1657876494496927000,50.4,1,50.4,5,50.5,2,2,2022-07-15 09:14:54
1657876494503864000,50.4,1,50.4,4,50.5,3,2,2022-07-15 09:14:54
1657876494516180000,50.4,1,50.4,3,50.5,3,2,2022-07-15 09:14:54
1657876494516251000,50.4,1,50.4,2,50.5,3,2,2022-07-15 09:14:54
1657876494516468000,50.4,1,50.4,1,50.5,3,2,2022-07-15 09:14:54
1657876494533458000,50.5,1,50.4,2,50.5,2,1,2022-07-15 09:14:54
1657876494533490000,50.5,1,50.4,2,50.5,1,1,2022-07-15 09:14:54
1657876494566157000,50.5,1,50.4,2,50.7,1,1,2022-07-15 09:14:54
1657876494593307000,50.7,1,50.7,1,50.8,4,1,2022-07-15 09:14:54
1657876494625760000,50.7,1,50.4,2,50.8,4,2,2022-07-15 09:14:54
1657876495098539000,50.7,1,50.4,2,50.8,4,2,2022-07-15 09:14:55
1657876497091481000,50.4,1,50.4,1,50.8,4,2,2022-07-15 09:14:57
1657876497791065000,50.3,2,50.3,7,50.7,1,2,2022-07-15 09:14:57
1657876498810860000,50.5,1,50.3,7,50.7,1,2,2022-07-15 09:14:58
1657876499465981000,50.6,1,50.3,7,50.8,4,1,2022-07-15 09:14:59
1657876499465981000,50.7,1,50.3,7,50.8,4,1,2022-07-15 09:14:59
1657876499828363000,50.4,2,50.4,1,50.8,5,2,2022-07-15 09:14:59
1657876500852923000,50.4,1,50.3,8,50.7,2,2,2022-07-15 09:15:00
1657876501084877000,50.6,1,50.3,8,50.8,6,1,2022-07-15 09:15:01
1657876501084877000,50.7,2,50.3,8,50.8,6,1,2022-07-15 09:15:01
1657876509069067000,50.8,7,50.6,5,50.9,1,1,2022-07-15 09:15:09
1657876512840687000,50.9,1,50.6,6,50.9,1,1,2022-07-15 09:15:12
1657876512871698000,50.9,1,50.6,7,51.0,1,1,2022-07-15 09:15:12
1657876513983333000,51.0,1,50.6,7,51.1,5,1,2022-07-15 09:15:13
1657876523142673000,50.9,1,50.7,8,51.0,3,2,2022-07-15 09:15:23
1657876523423620000,51.0,1,50.7,9,51.0,5,1,2022-07-15 09:15:23
1657876529564347000,51.0,2,50.9,1,51.0,15,1,2022-07-15 09:15:29
1657876529903642000,51.0,1,50.9,1,51.0,14,1,2022-07-15 09:15:29
1657876532352937000,50.9,1,50.8,1,51.0,17,2,2022-07-15 09:15:32
1657876541987851000,50.9,2,50.8,1,50.9,7,1,2022-07-15 09:15:41
1657876542420370000,50.9,7,50.8,2,51.0,15,1,2022-07-15 09:15:42
1657876545612392000,50.9,1,50.8,2,50.9,1,1,2022-07-15 09:15:45
1657876552292954000,50.9,1,50.8,12,50.9,1,1,2022-07-15 09:15:52
1657876555268867000,50.9,1,50.8,12,50.9,9,1,2022-07-15 09:15:55
1657876555353267000,50.8,5,50.8,7,50.9,9,2,2022-07-15 09:15:55
1657876556066065000,50.9,3,50.8,7,50.9,6,1,2022-07-15 09:15:56
1657876558620869000,50.9,1,50.8,7,50.9,5,1,2022-07-15 09:15:58
1657876559222844000,50.9,1,50.8,8,50.9,4,1,2022-07-15 09:15:59
1657876564393572000,50.9,1,50.8,8,50.9,10,1,2022-07-15 09:16:04
1657876569423097000,50.9,3,50.8,8,50.9,7,1,2022-07-15 09:16:09
1657876572728059000,50.9,5,50.8,8,50.9,2,1,2022-07-15 09:16:12
1657876574513461000,50.8,5,50.8,3,50.9,4,2,2022-07-15 09:16:14
1657876574548688000,50.8,1,50.8,2,50.9,4,2,2022-07-15 09:16:14
1657876575994092000,50.9,2,50.8,2,50.9,2,1,2022-07-15 09:16:15
1657876577593298000,50.8,2,50.7,12,50.8,3,2,2022-07-15 09:16:17
1657876584316722000,50.9,1,50.7,11,51.0,17,2,2022-07-15 09:16:24
1657876592601211000,50.9,1,50.7,11,51.0,16,2,2022-07-15 09:16:32
1657876606798492000,50.8,1,50.8,2,50.9,11,2,2022-07-15 09:16:46
1657876607068790000,50.8,1,50.8,1,50.9,11,2,2022-07-15 09:16:47
1657876607095581000,50.9,1,50.8,1,50.9,10,1,2022-07-15 09:16:47
1657876609971748000,50.9,1,50.8,1,50.9,10,1,2022-07-15 09:16:49
1657876610866299000,50.8,1,50.7,11,50.8,4,2,2022-07-15 09:16:50
1657876618091772000,50.8,1,50.7,11,50.8,4,1,2022-07-15 09:16:58
1657876618125390000,50.8,4,50.7,11,50.9,10,1,2022-07-15 09:16:58
1657876620435642000,50.9,5,50.7,11,50.9,6,1,2022-07-15 09:17:00
1657876625756410000,50.8,1,50.7,11,50.9,7,2,2022-07-15 09:17:05
1657876626503577000,50.9,7,51.0,6,51.1,3,1,2022-07-15 09:17:06
1657876626503577000,51.0,17,51.0,6,51.1,3,1,2022-07-15 09:17:06
1657876626589202000,51.0,6,50.7,7,51.1,2,2,2022-07-15 09:17:06
1657876626589202000,50.7,4,50.7,7,51.1,2,2,2022-07-15 09:17:06
1657876628918558000,50.7,1,50.7,7,51.1,2,2,2022-07-15 09:17:08
1657876637765587000,50.8,1,50.8,2,51.1,5,2,2022-07-15 09:17:17
1657876637821826000,50.9,1,50.8,2,51.1,5,1,2022-07-15 09:17:17
1657876640058199000,50.8,2,50.7,11,51.1,5,2,2022-07-15 09:17:20
1657876640058199000,50.7,1,50.7,11,51.1,5,2,2022-07-15 09:17:20
1657876647890023000,50.7,9,50.7,1,51.0,9,2,2022-07-15 09:17:27
1657876650582581000,50.8,1,50.7,4,50.9,3,2,2022-07-15 09:17:30
1657876659209996000,50.8,2,50.7,14,50.8,3,2,2022-07-15 09:17:39
1657876659239972000,50.8,3,50.7,14,50.9,5,1,2022-07-15 09:17:39
1657876659242944000,50.7,1,50.7,13,50.9,5,2,2022-07-15 09:17:39
1657876660300107000,50.8,1,50.7,13,50.8,1,1,2022-07-15 09:17:40
1657876662314525000,50.8,1,50.7,13,50.9,5,1,2022-07-15 09:17:42
1657876664924780000,50.8,3,50.7,14,50.8,1,1,2022-07-15 09:17:44
1657876669695316000,50.8,1,50.7,26,50.9,5,1,2022-07-15 09:17:49
1657876671035157000,50.7,8,50.7,18,50.9,5,2,2022-07-15 09:17:51
1657876674471761000,50.8,1,50.7,19,50.9,5,2,2022-07-15 09:17:54
1657876679107366000,50.9,5,50.7,19,51.0,14,1,2022-07-15 09:17:59
1657876691926856000,50.9,1,50.8,4,50.9,1,1,2022-07-15 09:18:11
1657876694726679000,50.9,1,50.8,5,51.0,13,1,2022-07-15 09:18:14
1657876694913121000,50.9,2,50.9,2,51.0,12,2,2022-07-15 09:18:14
1657876699177814000,50.9,2,50.8,6,50.9,1,1,2022-07-15 09:18:19
1657876699798433000,50.9,1,50.8,6,51.0,12,1,2022-07-15 09:18:19
1657876700484528000,51.0,12,51.0,8,51.1,3,1,2022-07-15 09:18:20
1657876716829955000,51.1,1,51.0,12,51.1,1,1,2022-07-15 09:18:36
1657876718985555000,51.1,1,51.0,13,51.2,5,1,2022-07-15 09:18:38
1657876723770398000,51.2,6,51.1,1,51.3,2,1,2022-07-15 09:18:43
1657876731781201000,51.3,2,51.2,5,51.4,10,1,2022-07-15 09:18:51
1657876731781201000,51.4,1,51.2,5,51.4,10,1,2022-07-15 09:18:51
1657876731995536000,51.2,3,51.2,2,51.4,11,2,2022-07-15 09:18:51
1657876732019912000,51.2,2,51.1,3,51.4,11,2,2022-07-15 09:18:52
1657876735486267000,51.4,5,51.1,4,51.4,6,1,2022-07-15 09:18:55
1657876735646665000,51.2,1,51.1,5,51.4,5,1,2022-07-15 09:18:55
1657876748298519000,51.2,1,51.2,2,51.3,7,2,2022-07-15 09:19:08
1657876748327630000,51.2,2,51.1,5,51.3,7,2,2022-07-15 09:19:08
1657876748695554000,51.1,1,51.1,4,51.3,7,2,2022-07-15 09:19:08
1657876751380288000,51.2,1,51.1,3,51.3,8,2,2022-07-15 09:19:11
1657876754647971000,51.1,1,51.1,7,51.2,3,2,2022-07-15 09:19:14
1657876755408021000,51.2,1,51.1,7,51.2,3,1,2022-07-15 09:19:15
1657876757304645000,51.2,4,51.1,7,51.3,8,1,2022-07-15 09:19:17
1657876759552154000,51.3,3,51.1,7,51.3,6,1,2022-07-15 09:19:19
1657876765430613000,51.3,1,51.2,2,51.3,4,1,2022-07-15 09:19:25
1657876774636617000,51.2,1,51.2,2,51.3,9,2,2022-07-15 09:19:34
1657876774662209000,51.2,2,51.1,7,51.3,9,2,2022-07-15 09:19:34
1657876775894071000,51.2,2,51.1,7,51.3,9,2,2022-07-15 09:19:35
1657876776128000000,51.2,2,51.1,7,51.3,10,2,2022-07-15 09:19:36
1657876780999440000,51.1,7,51.0,10,51.2,3,2,2022-07-15 09:19:40
1657876786087894000,51.1,2,51.0,10,51.2,3,1,2022-07-15 09:19:46
1657876796284106000,51.2,7,51.0,10,51.2,3,1,2022-07-15 09:19:56
1657876799204992000,51.1,1,51.0,10,51.1,5,1,2022-07-15 09:19:59
1657876801928573000,51.1,1,51.0,11,51.1,4,1,2022-07-15 09:20:01
1657876803551819000,51.1,2,51.0,11,51.1,3,1,2022-07-15 09:20:03
1657876804483600000,51.1,3,51.1,1,51.2,3,1,2022-07-15 09:20:04
1657876804513509000,51.1,1,51.0,11,51.2,3,2,2022-07-15 09:20:04
1657876819340037000,51.0,1,51.0,10,51.2,15,2,2022-07-15 09:20:19
1657876831616156000,51.0,10,50.9,6,51.2,17,2,2022-07-15 09:20:31
1657876831634249000,51.0,1,50.9,6,51.0,1,2,2022-07-15 09:20:31
1657876836520265000,50.9,1,50.9,5,51.0,1,2,2022-07-15 09:20:36
1657876840989107000,50.9,1,50.9,4,51.0,2,2,2022-07-15 09:20:40
1657876844207187000,50.9,1,50.9,3,51.0,3,2,2022-07-15 09:20:44
1657876849254037000,50.9,4,50.8,6,50.9,6,2,2022-07-15 09:20:49
1657876849284868000,50.9,6,50.8,6,51.0,3,1,2022-07-15 09:20:49
1657876849346406000,50.9,1,50.8,6,51.0,4,1,2022-07-15 09:20:49
1657876857150069000,50.9,1,50.9,1,51.0,14,2,2022-07-15 09:20:57
1657876857181564000,50.9,1,50.8,8,51.0,14,2,2022-07-15 09:20:57
1657876858255718000,50.8,8,50.7,13,50.8,1,2,2022-07-15 09:20:58
1657876858294612000,50.8,1,50.7,13,51.0,14,1,2022-07-15 09:20:58
1657876865926528000,50.8,3,50.7,12,50.9,2,1,2022-07-15 09:21:05
1657876867726792000,50.8,1,50.7,4,50.9,3,2,2022-07-15 09:21:07
1657876867726792000,50.7,8,50.7,4,50.9,3,2,2022-07-15 09:21:07
1657876868579812000,50.7,1,50.7,3,50.8,1,2,2022-07-15 09:21:08
1657876876782481000,50.8,1,50.7,3,50.9,4,1,2022-07-15 09:21:16
1657876876933107000,50.7,1,50.7,2,50.9,5,2,2022-07-15 09:21:16
1657876877355468000,50.7,1,50.7,2,50.9,6,2,2022-07-15 09:21:17
1657876878022427000,50.7,1,50.7,1,50.9,6,2,2022-07-15 09:21:18
1657876878055008000,50.7,1,50.6,17,50.9,6,2,2022-07-15 09:21:18
1657876891881208000,50.8,2,50.7,2,50.9,6,1,2022-07-15 09:21:31
1657876900646595000,50.7,1,50.7,3,50.9,5,2,2022-07-15 09:21:40
1657876901047732000,50.7,1,50.7,2,50.9,5,2,2022-07-15 09:21:41
1657876902243317000,50.8,1,50.7,2,50.9,5,1,2022-07-15 09:21:42
1657876903966622000,50.7,1,50.6,21,50.7,1,2,2022-07-15 09:21:43
1657876903990898000,50.7,1,50.6,21,50.9,6,1,2022-07-15 09:21:43
1657876913436381000,50.8,2,50.7,2,50.9,6,1,2022-07-15 09:21:53
1657876913437367000,50.7,2,50.6,23,50.9,6,2,2022-07-15 09:21:53
1657876913467404000,50.9,6,50.6,23,51.0,21,1,2022-07-15 09:21:53
1657876921003695000,50.9,1,50.7,6,51.0,20,1,2022-07-15 09:22:01
1657876923719633000,50.9,1,50.7,6,51.0,20,1,2022-07-15 09:22:03
1657876939036525000,50.9,1,50.8,2,51.0,19,1,2022-07-15 09:22:19
1657876946267820000,50.9,1,50.8,1,51.0,19,1,2022-07-15 09:22:26
1657876948498084000,51.0,1,50.8,2,51.0,18,1,2022-07-15 09:22:28
1657876950267354000,50.9,1,50.7,7,50.8,2,2,2022-07-15 09:22:30
1657876950267354000,50.8,2,50.7,7,50.8,2,2,2022-07-15 09:22:30
1657876950306323000,50.8,2,50.7,7,51.0,18,1,2022-07-15 09:22:30
1657876953893597000,51.0,1,50.9,5,51.0,17,1,2022-07-15 09:22:33
1657876961405260000,51.0,1,50.9,5,51.0,22,1,2022-07-15 09:22:41
1657876964424940000,51.0,5,50.9,5,51.0,17,1,2022-07-15 09:22:44
1657876964444068000,50.9,5,50.8,2,51.0,17,2,2022-07-15 09:22:44
1657876971064997000,51.0,2,50.8,3,51.0,15,1,2022-07-15 09:22:51
1657876991388614000,51.0,5,50.8,4,51.0,10,1,2022-07-15 09:23:11
1657876994123581000,51.0,1,50.8,5,51.0,9,1,2022-07-15 09:23:14
1657876995146483000,51.0,8,50.8,6,51.0,1,1,2022-07-15 09:23:15
1657876995177620000,51.0,1,50.8,6,51.1,12,1,2022-07-15 09:23:15
1657877008171438000,51.0,4,51.0,1,51.1,12,2,2022-07-15 09:23:28
1657877013956996000,51.0,1,51.0,2,51.1,13,2,2022-07-15 09:23:33
1657877014554007000,51.0,1,51.0,1,51.1,13,2,2022-07-15 09:23:34
1657877060738144000,51.1,1,51.0,7,51.1,11,1,2022-07-15 09:24:20
1657877063884087000,51.1,1,51.0,7,51.1,10,1,2022-07-15 09:24:23
1657877067588621000,51.1,1,51.0,7,51.1,9,1,2022-07-15 09:24:27
1657877076707844000,51.1,1,51.0,7,51.1,8,1,2022-07-15 09:24:36
1657877078984456000,51.1,8,51.0,17,51.2,4,1,2022-07-15 09:24:38
1657877092936333000,51.2,1,51.1,4,51.2,3,1,2022-07-15 09:24:52
1657877093054155000,51.2,3,51.2,2,51.3,11,1,2022-07-15 09:24:53
1657877093277187000,51.2,1,51.2,1,51.3,10,2,2022-07-15 09:24:53
1657877099285397000,51.2,3,51.1,4,51.2,7,2,2022-07-15 09:24:59
1657877101820166000,51.2,1,51.1,4,51.2,6,1,2022-07-15 09:25:01
1657877101864969000,51.2,1,51.1,4,51.2,5,1,2022-07-15 09:25:01
1657877103097267000,51.2,1,51.1,4,51.2,4,1,2022-07-15 09:25:03
1657877104373902000,51.2,1,51.1,4,51.2,3,1,2022-07-15 09:25:04
1657877105406950000,51.2,1,51.1,4,51.2,2,1,2022-07-15 09:25:05
1657877108715185000,51.2,1,51.1,8,51.2,2,1,2022-07-15 09:25:08
1657877109034544000,51.2,1,51.1,7,51.3,10,1,2022-07-15 09:25:09
1657877116624374000,51.3,1,51.2,3,51.3,9,1,2022-07-15 09:25:16
1657877116677489000,51.3,1,51.2,3,51.3,8,1,2022-07-15 09:25:16
1657877118679251000,51.2,2,51.2,1,51.3,8,2,2022-07-15 09:25:18
1657877137805183000,51.3,2,51.2,10,51.3,6,1,2022-07-15 09:25:37
1657877143441549000,51.3,1,51.2,11,51.3,5,1,2022-07-15 09:25:43
1657877144377305000,51.2,9,51.2,2,51.3,5,2,2022-07-15 09:25:44
1657877145306753000,51.2,2,51.1,7,51.3,6,2,2022-07-15 09:25:45
1657877145793186000,51.3,2,51.1,7,51.3,4,1,2022-07-15 09:25:45
1657877148110910000,51.3,1,51.1,7,51.3,3,1,2022-07-15 09:25:48
1657877150336893000,51.2,1,51.1,6,51.3,3,1,2022-07-15 09:25:50
1657877174041637000,51.3,1,51.2,3,51.3,4,1,2022-07-15 09:26:14
1657877176034462000,51.3,1,51.2,5,51.3,1,1,2022-07-15 09:26:16
1657877176483171000,51.3,1,51.2,5,51.4,1,1,2022-07-15 09:26:16
1657877176483171000,51.4,2,51.2,5,51.4,1,1,2022-07-15 09:26:16
1657877179486169000,51.3,1,51.2,6,51.4,1,2,2022-07-15 09:26:19
1657877182533788000,51.4,1,51.2,6,51.5,6,1,2022-07-15 09:26:22
1657877193439999000,51.3,1,51.2,6,51.4,2,1,2022-07-15 09:26:33
1657877195926344000,51.3,5,51.2,6,51.4,4,2,2022-07-15 09:26:35
1657877201634114000,51.4,1,51.2,6,51.4,5,1,2022-07-15 09:26:41
1657877202664172000,51.2,2,51.2,4,51.4,5,2,2022-07-15 09:26:42
1657877216746945000,51.3,5,51.2,9,51.4,6,1,2022-07-15 09:26:56
1657877222301144000,51.3,1,51.2,9,51.3,4,1,2022-07-15 09:27:02
1657877222762384000,51.3,1,51.2,9,51.3,3,1,2022-07-15 09:27:02
1657877231319183000,51.3,5,51.2,9,51.4,7,1,2022-07-15 09:27:11
1657877244801447000,51.3,3,51.2,8,51.4,6,2,2022-07-15 09:27:24
1657877249183530000,51.3,1,51.2,7,51.4,6,2,2022-07-15 09:27:29
1657877255297882000,51.2,5,51.2,2,51.4,6,2,2022-07-15 09:27:35
1657877263674588000,51.3,2,51.2,2,51.3,8,1,2022-07-15 09:27:43
1657877265466859000,51.2,1,51.2,3,51.3,9,2,2022-07-15 09:27:45
1657877269939473000,51.2,3,51.1,5,51.3,9,2,2022-07-15 09:27:49
1657877269939473000,51.1,6,51.1,5,51.3,9,2,2022-07-15 09:27:49
1657877275665832000,51.1,2,51.1,5,51.2,1,2,2022-07-15 09:27:55
1657877284493900000,51.1,3,51.0,7,51.2,2,2,2022-07-15 09:28:04
1657877284493900000,51.0,27,51.0,7,51.2,2,2,2022-07-15 09:28:04
1657877284554908000,51.0,7,50.9,10,51.1,7,2,2022-07-15 09:28:04
1657877287061758000,51.0,1,50.9,10,51.0,2,1,2022-07-15 09:28:07
1657877287426895000,51.0,2,51.0,1,51.1,7,1,2022-07-15 09:28:07
1657877297144905000,51.0,1,51.0,3,51.1,1,2,2022-07-15 09:28:17
1657877301322706000,51.1,1,51.0,7,51.2,6,1,2022-07-15 09:28:21
1657877325445281000,51.0,5,51.0,7,51.2,5,2,2022-07-15 09:28:45
1657877334295459000,51.2,2,51.0,8,51.2,3,1,2022-07-15 09:28:54
1657877336219492000,51.0,1,51.0,7,51.2,3,2,2022-07-15 09:28:56
1657877360640935000,51.1,2,51.1,1,51.2,5,2,2022-07-15 09:29:20
1657877365401998000,51.2,2,51.1,6,51.2,3,1,2022-07-15 09:29:25
1657877370319731000,51.2,3,51.1,7,51.3,12,1,2022-07-15 09:29:30
1657877382165165000,51.3,5,51.2,1,51.3,6,1,2022-07-15 09:29:42
1657877385540384000,51.3,1,51.2,1,51.3,5,1,2022-07-15 09:29:45
1657877387034027000,51.3,1,51.2,1,51.3,3,1,2022-07-15 09:29:47
1657877387066331000,51.3,3,51.2,1,51.4,6,1,2022-07-15 09:29:47
1657877404926608000,51.3,1,51.2,9,51.4,6,2,2022-07-15 09:30:04
1657877405786330000,51.3,1,51.2,9,51.3,8,1,2022-07-15 09:30:05
1657877411803545000,51.2,7,51.2,2,51.3,8,2,2022-07-15 09:30:11
1657877424556759000,51.2,1,51.2,3,51.3,8,2,2022-07-15 09:30:24
1657877426303485000,51.2,2,51.2,1,51.3,10,2,2022-07-15 09:30:26
1657877426404063000,51.2,1,51.1,11,51.3,10,2,2022-07-15 09:30:26
1657877446188489000,51.2,2,51.1,10,51.3,6,1,2022-07-15 09:30:46
1657877446188489000,51.3,4,51.1,10,51.3,6,1,2022-07-15 09:30:46
1657877447896384000,51.2,1,51.1,10,51.3,6,1,2022-07-15 09:30:47
1657877448554613000,51.3,1,51.1,11,51.3,5,1,2022-07-15 09:30:48
1657877468775419000,51.3,2,51.2,3,51.3,3,1,2022-07-15 09:31:08
1657877472228080000,51.3,1,51.2,4,51.3,2,1,2022-07-15 09:31:12
1657877472364682000,51.3,1,51.2,4,51.3,1,1,2022-07-15 09:31:12
1657877474018177000,51.3,1,51.2,4,51.4,5,1,2022-07-15 09:31:14
1657877478472140000,51.3,1,51.3,5,51.4,5,2,2022-07-15 09:31:18
1657877479463057000,51.4,5,51.3,5,51.5,12,1,2022-07-15 09:31:19
1657877492205157000,51.4,1,51.3,8,51.5,11,1,2022-07-15 09:31:32
1657877514757958000,51.5,1,51.4,10,51.5,10,1,2022-07-15 09:31:54
1657877514958782000,51.5,1,51.4,10,51.5,9,1,2022-07-15 09:31:54
1657877514966342000,51.5,1,51.4,10,51.5,8,1,2022-07-15 09:31:54
1657877514986622000,51.5,1,51.4,10,51.5,7,1,2022-07-15 09:31:54
1657877515032356000,51.5,1,51.4,10,51.5,6,1,2022-07-15 09:31:55
1657877515041301000,51.5,1,51.4,10,51.5,5,1,2022-07-15 09:31:55
1657877515108271000,51.5,1,51.4,10,51.5,4,1,2022-07-15 09:31:55
1657877515149058000,51.5,1,51.4,10,51.5,3,1,2022-07-15 09:31:55
1657877515166514000,51.5,1,51.4,10,51.5,2,1,2022-07-15 09:31:55
1657877515730125000,51.5,2,51.5,8,51.6,8,1,2022-07-15 09:31:55
1657877525232584000,51.6,4,51.5,9,51.6,6,1,2022-07-15 09:32:05
1657877525378931000,51.6,1,51.5,9,51.6,5,1,2022-07-15 09:32:05
1657877527055331000,51.6,2,51.5,9,51.6,3,1,2022-07-15 09:32:07
1657877527623328000,51.6,3,51.5,6,51.7,2,1,2022-07-15 09:32:07
1657877527652904000,51.5,6,51.4,11,51.7,2,2,2022-07-15 09:32:07
1657877530261389000,51.4,5,51.4,6,51.7,8,2,2022-07-15 09:32:10
1657877530381987000,51.4,6,51.3,6,51.7,8,2,2022-07-15 09:32:10
1657877530468119000,51.6,1,51.3,6,51.7,8,2,2022-07-15 09:32:10
1657877530478415000,51.6,1,51.6,2,51.7,8,2,2022-07-15 09:32:10
1657877530499240000,51.6,2,51.3,6,51.7,8,2,2022-07-15 09:32:10
1657877532091358000,51.5,2,51.3,6,51.6,2,2,2022-07-15 09:32:12
1657877533421440000,51.6,2,51.6,1,51.7,8,1,2022-07-15 09:32:13
1657877533453571000,51.6,1,51.3,3,51.7,8,2,2022-07-15 09:32:13
1657877537458764000,51.4,2,51.3,7,51.6,5,2,2022-07-15 09:32:17
1657877537898655000,51.5,1,51.3,8,51.6,5,2,2022-07-15 09:32:17
1657877541721869000,51.4,1,51.3,9,51.6,7,2,2022-07-15 09:32:21
1657877542825780000,51.4,1,51.5,1,51.6,8,1,2022-07-15 09:32:22
1657877542846792000,51.5,1,51.3,8,51.6,8,2,2022-07-15 09:32:22
1657877543019129000,51.6,1,51.3,8,51.6,6,1,2022-07-15 09:32:23
1657877543854349000,51.5,1,51.3,7,51.6,6,2,2022-07-15 09:32:23
1657877549103730000,51.4,1,51.3,9,51.5,2,2,2022-07-15 09:32:29
1657877549193088000,51.5,1,51.3,9,51.6,6,1,2022-07-15 09:32:29
1657877554123090000,51.5,1,51.4,2,51.6,8,1,2022-07-15 09:32:34
1657877554897421000,51.5,1,51.4,2,51.6,8,2,2022-07-15 09:32:34
1657877556394000000,51.6,1,51.5,1,51.6,6,1,2022-07-15 09:32:36
1657877559267821000,51.6,1,51.5,1,51.6,5,1,2022-07-15 09:32:39
1657877562283445000,51.6,1,51.5,3,51.6,4,1,2022-07-15 09:32:42
1657877564220462000,51.6,1,51.5,3,51.6,3,1,2022-07-15 09:32:44
1657877566099001000,51.6,1,51.5,3,51.6,2,1,2022-07-15 09:32:46
1657877567743553000,51.6,1,51.5,3,51.6,1,1,2022-07-15 09:32:47
1657877568789167000,51.6,1,51.5,3,51.6,1,1,2022-07-15 09:32:48
1657877569668036000,51.6,1,51.5,3,51.7,7,1,2022-07-15 09:32:49
1657877576846092000,51.6,1,51.5,3,51.7,7,2,2022-07-15 09:32:56
1657877584967532000,51.6,2,51.6,2,51.7,8,2,2022-07-15 09:33:04
1657877585657213000,51.6,1,51.5,4,51.7,8,2,2022-07-15 09:33:05
1657877587264094000,51.6,1,51.5,5,51.7,8,2,2022-07-15 09:33:07
1657877596425433000,51.6,2,51.6,28,51.7,8,1,2022-07-15 09:33:16
1657877600826827000,51.6,2,51.6,27,51.7,8,2,2022-07-15 09:33:20
1657877605907022000,51.7,3,51.6,28,51.7,5,1,2022-07-15 09:33:25
1657877606095265000,51.7,2,51.6,28,51.7,3,1,2022-07-15 09:33:26
1657877606795810000,51.7,1,51.6,28,51.7,2,1,2022-07-15 09:33:26
1657877606861421000,51.7,1,51.6,28,51.7,1,1,2022-07-15 09:33:26
1657877607072059000,51.7,1,51.6,28,51.8,22,1,2022-07-15 09:33:27
1657877609623195000,51.7,1,51.6,28,51.8,22,2,2022-07-15 09:33:29
1657877610600770000,51.8,1,51.6,28,51.8,21,1,2022-07-15 09:33:30
1657877612989257000,51.7,1,51.6,28,51.8,21,2,2022-07-15 09:33:32
1657877617314214000,51.7,1,51.6,29,51.8,21,2,2022-07-15 09:33:37
1657877618984172000,51.8,1,51.6,29,51.8,25,1,2022-07-15 09:33:38
1657877621038312000,51.7,1,51.6,29,51.8,25,2,2022-07-15 09:33:41
1657877621403220000,51.7,5,51.7,5,51.8,25,2,2022-07-15 09:33:41
1657877627759100000,51.7,3,51.7,2,51.8,26,1,2022-07-15 09:33:47
1657877627790934000,51.7,2,51.6,30,51.8,26,2,2022-07-15 09:33:47
1657877628449433000,51.7,1,51.6,30,51.7,1,1,2022-07-15 09:33:48
1657877634047853000,51.7,1,51.6,34,51.8,26,1,2022-07-15 09:33:54
1657877635609042000,51.7,1,51.6,34,51.8,26,1,2022-07-15 09:33:55
1657877636347970000,51.7,1,51.6,34,51.8,26,2,2022-07-15 09:33:56
1657877637236671000,51.7,1,51.6,35,51.7,9,1,2022-07-15 09:33:57
1657877637692461000,51.7,1,51.6,35,51.7,7,1,2022-07-15 09:33:57
1657877641037906000,51.7,8,51.7,2,51.8,26,1,2022-07-15 09:34:01
1657877641072144000,51.7,2,51.6,35,51.8,26,2,2022-07-15 09:34:01
1657877642016866000,51.7,1,51.6,35,51.8,26,2,2022-07-15 09:34:02
1657877642218472000,51.7,1,51.7,1,51.8,26,2,2022-07-15 09:34:02
1657877650572009000,51.7,1,51.6,35,51.8,26,1,2022-07-15 09:34:10
1657877652057717000,51.7,1,51.6,35,51.8,26,2,2022-07-15 09:34:12
1657877654766025000,51.7,1,51.7,2,51.8,26,2,2022-07-15 09:34:14
1657877654787987000,51.7,2,51.6,35,51.8,26,2,2022-07-15 09:34:14
1657877656636321000,51.7,1,51.7,1,51.8,26,2,2022-07-15 09:34:16
1657877657531720000,51.7,1,51.6,35,51.8,26,2,2022-07-15 09:34:17
1657877658256246000,51.7,1,51.6,35,51.8,26,2,2022-07-15 09:34:18
1657877659726259000,51.6,34,51.6,1,51.7,1,2,2022-07-15 09:34:19
1657877659753865000,51.6,1,51.5,11,51.6,2,2,2022-07-15 09:34:19
1657877661070926000,51.5,11,51.4,8,51.6,6,2,2022-07-15 09:34:21
1657877661218862000,51.6,1,51.4,8,51.6,9,1,2022-07-15 09:34:21
1657877669267882000,51.6,1,51.4,7,51.6,9,1,2022-07-15 09:34:29
1657877672753942000,51.4,1,51.4,6,51.6,9,2,2022-07-15 09:34:32
1657877674497311000,51.6,2,51.4,6,51.6,8,1,2022-07-15 09:34:34
1657877680372037000,51.6,1,51.5,1,51.6,5,1,2022-07-15 09:34:40
1657877684653250000,51.6,2,51.5,2,51.6,6,1,2022-07-15 09:34:44
1657877685011229000,51.6,1,51.5,2,51.6,5,1,2022-07-15 09:34:45
1657877685054110000,51.5,1,51.5,1,51.6,5,2,2022-07-15 09:34:45
1657877685236216000,51.6,1,51.5,1,51.6,4,1,2022-07-15 09:34:45
1657877695519500000,51.6,1,51.5,3,51.6,3,1,2022-07-15 09:34:55
1657877696747102000,51.6,1,51.5,3,51.6,2,1,2022-07-15 09:34:56
1657877711918527000,51.6,3,51.5,3,51.6,2,1,2022-07-15 09:35:11
1657877712784421000,51.6,1,51.5,3,51.6,1,1,2022-07-15 09:35:12
1657877716797047000,51.6,1,51.5,3,51.7,14,1,2022-07-15 09:35:16
1657877716797047000,51.7,1,51.5,3,51.7,14,1,2022-07-15 09:35:16
1657877718554523000,51.7,5,51.6,1,51.7,9,1,2022-07-15 09:35:18
1657877724943340000,51.7,1,51.6,10,51.7,8,1,2022-07-15 09:35:24
1657877725622057000,51.7,5,51.6,10,51.7,3,1,2022-07-15 09:35:25
1657877725818905000,51.7,3,51.6,10,51.8,26,1,2022-07-15 09:35:25
1657877728426954000,51.6,5,51.6,7,51.8,26,2,2022-07-15 09:35:28
1657877738813451000,51.6,1,51.6,5,51.7,4,2,2022-07-15 09:35:38
1657877739184735000,51.6,1,51.6,4,51.7,4,2,2022-07-15 09:35:39
1657877740789710000,51.6,1,51.6,3,51.7,4,2,2022-07-15 09:35:40
1657877740821447000,51.6,3,51.5,2,51.7,4,2,2022-07-15 09:35:40
1657877741117564000,51.7,1,51.5,2,51.7,6,1,2022-07-15 09:35:41
1657877741752837000,51.7,1,51.5,2,51.7,4,1,2022-07-15 09:35:41
1657877743822257000,51.7,1,51.6,7,51.7,1,1,2022-07-15 09:35:43
1657877744277229000,51.7,1,51.6,7,51.8,19,1,2022-07-15 09:35:44
1657877744277229000,51.8,7,51.6,7,51.8,19,1,2022-07-15 09:35:44
1657877744906769000,51.6,1,51.6,6,51.8,19,2,2022-07-15 09:35:44
1657877745417748000,51.6,3,51.6,3,51.7,1,2,2022-07-15 09:35:45
1657877746708603000,51.7,1,51.6,3,51.8,19,1,2022-07-15 09:35:46
1657877768048541000,51.7,1,51.7,1,51.8,19,2,2022-07-15 09:36:08
1657877769013349000,51.8,2,51.7,1,51.8,17,1,2022-07-15 09:36:09
1657877769088265000,51.7,1,51.6,10,51.8,17,2,2022-07-15 09:36:09
1657877798786154000,51.7,9,51.7,1,51.8,18,2,2022-07-15 09:36:38
1657877798812062000,51.7,1,51.6,14,51.8,18,2,2022-07-15 09:36:38
1657877806481697000,51.6,12,51.6,6,51.7,5,2,2022-07-15 09:36:46
1657877806520250000,51.6,6,51.5,7,51.7,5,2,2022-07-15 09:36:46
1657877813266416000,51.7,8,51.7,2,51.8,20,1,2022-07-15 09:36:53
1657877813291783000,51.7,1,51.7,1,51.8,20,2,2022-07-15 09:36:53
1657877813291904000,51.7,1,51.5,6,51.8,20,2,2022-07-15 09:36:53
1657877817548052000,51.7,1,51.7,1,51.8,20,2,2022-07-15 09:36:57
1657877817582731000,51.7,1,51.5,7,51.8,20,2,2022-07-15 09:36:57
1657877838822505000,51.6,1,51.6,4,51.7,7,2,2022-07-15 09:37:18
1657877838851506000,51.6,1,51.6,3,51.7,7,2,2022-07-15 09:37:18
1657877849689172000,51.6,1,51.6,1,51.7,9,2,2022-07-15 09:37:29
1657877850184547000,51.6,1,51.5,7,51.7,9,2,2022-07-15 09:37:30
1657877850245507000,51.5,1,51.5,7,51.7,10,2,2022-07-15 09:37:30
1657877850627097000,51.7,1,51.5,6,51.7,9,1,2022-07-15 09:37:30
1657877854929003000,51.5,6,51.4,8,51.6,1,2,2022-07-15 09:37:34
1657877861823787000,51.4,7,51.4,1,51.6,5,2,2022-07-15 09:37:41
1657877861863332000,51.4,1,51.3,11,51.6,5,2,2022-07-15 09:37:41
1657877868101940000,51.3,8,51.2,10,51.3,1,2,2022-07-15 09:37:48
1657877874254996000,51.2,8,51.1,8,51.3,2,2,2022-07-15 09:37:54
1657877875073372000,51.3,1,51.1,7,51.3,4,1,2022-07-15 09:37:55
1657877878305657000,51.2,1,51.1,7,51.3,3,2,2022-07-15 09:37:58
1657877884984923000,51.3,1,51.1,7,51.3,2,1,2022-07-15 09:38:04
1657877886788593000,51.2,1,51.1,7,51.2,1,1,2022-07-15 09:38:06
1657877886821481000,51.1,1,51.1,6,51.2,2,2,2022-07-15 09:38:06
1657877886994772000,51.1,3,51.1,3,51.2,2,2,2022-07-15 09:38:06
1657877889980864000,51.1,1,51.1,2,51.2,3,2,2022-07-15 09:38:09
1657877896246947000,51.1,1,51.1,6,51.2,3,2,2022-07-15 09:38:16
1657877896641240000,51.1,1,51.1,5,51.2,3,2,2022-07-15 09:38:16
1657877909351142000,51.1,1,51.1,12,51.2,2,2,2022-07-15 09:38:29
1657877918857864000,51.2,1,51.1,12,51.2,2,1,2022-07-15 09:38:38
1657877919393459000,51.2,1,51.1,12,51.2,1,1,2022-07-15 09:38:39
1657877920574300000,51.2,1,51.2,1,51.3,4,1,2022-07-15 09:38:40
1657877928999465000,51.2,2,51.1,9,51.3,3,2,2022-07-15 09:38:48
1657877928999465000,51.1,3,51.1,9,51.3,3,2,2022-07-15 09:38:48
1657877937738843000,51.2,1,51.1,6,51.3,4,2,2022-07-15 09:38:57
1657877937738843000,51.1,4,51.1,6,51.3,4,2,2022-07-15 09:38:57
1657877944837905000,51.1,1,51.1,6,51.2,1,2,2022-07-15 09:39:04
1657877946045265000,51.1,1,51.1,5,51.2,3,2,2022-07-15 09:39:06
1657877948583830000,51.1,5,50.9,14,51.0,1,2,2022-07-15 09:39:08
1657877948583830000,51.0,17,50.9,14,51.0,1,2,2022-07-15 09:39:08
1657877948610382000,50.9,1,50.9,13,51.0,4,2,2022-07-15 09:39:08
1657877950287561000,51.0,1,50.9,13,51.0,3,1,2022-07-15 09:39:10
1657877956976594000,51.0,1,50.9,12,51.0,2,1,2022-07-15 09:39:16
1657877959691479000,51.0,1,50.9,12,51.0,3,1,2022-07-15 09:39:19
1657877962889685000,50.9,1,50.9,11,51.0,4,2,2022-07-15 09:39:22
1657877963748958000,51.0,2,50.9,11,51.0,2,1,2022-07-15 09:39:23
1657877970409297000,51.0,1,50.9,12,51.0,3,1,2022-07-15 09:39:30
1657877973110935000,51.0,2,50.9,12,51.0,2,1,2022-07-15 09:39:33
1657877975131978000,51.0,1,50.9,12,51.0,2,1,2022-07-15 09:39:35
1657877979093696000,51.0,1,50.9,13,51.0,1,1,2022-07-15 09:39:39
1657877986410140000,51.0,1,50.9,12,51.0,3,1,2022-07-15 09:39:46
1657877990233460000,51.0,1,50.9,12,51.0,3,1,2022-07-15 09:39:50
1657877990903639000,50.9,1,50.9,11,51.0,3,2,2022-07-15 09:39:50
1657877997466062000,50.9,1,50.9,10,51.0,5,2,2022-07-15 09:39:57
1657878006066864000,50.9,11,50.9,2,51.0,6,2,2022-07-15 09:40:06
1657878006086829000,50.9,2,50.8,19,50.9,1,2,2022-07-15 09:40:06
1657878006847948000,50.8,1,50.8,18,51.0,6,2,2022-07-15 09:40:06
1657878007962583000,50.8,1,50.8,17,51.0,6,2,2022-07-15 09:40:07
1657878009350768000,50.8,3,50.8,14,51.0,6,2,2022-07-15 09:40:09
1657878009948189000,50.9,1,50.9,2,51.0,6,1,2022-07-15 09:40:09
1657878010271869000,50.9,1,50.9,1,51.0,5,2,2022-07-15 09:40:10
1657878017744601000,50.9,5,50.8,5,51.0,5,2,2022-07-15 09:40:17
1657878017744601000,50.8,9,50.8,5,51.0,5,2,2022-07-15 09:40:17
1657878031173824000,50.9,1,50.9,1,51.0,9,1,2022-07-15 09:40:31
1657878031203185000,51.0,8,50.9,1,51.1,1,1,2022-07-15 09:40:31
1657878046415994000,51.1,3,50.9,2,51.3,1,1,2022-07-15 09:40:46
1657878046415994000,51.2,2,50.9,2,51.3,1,1,2022-07-15 09:40:46
1657878058834616000,51.2,1,51.0,2,51.3,6,2,2022-07-15 09:40:58
1657878059992253000,51.0,1,51.0,1,51.3,6,2,2022-07-15 09:40:59
1657878113397906000,51.1,1,51.0,8,51.2,5,1,2022-07-15 09:41:53
1657878147496342000,51.2,5,51.1,3,51.3,5,1,2022-07-15 09:42:27
1657878167657395000,51.3,2,51.1,4,51.3,3,1,2022-07-15 09:42:47
1657878219200588000,51.2,1,51.1,6,51.3,3,1,2022-07-15 09:43:39
1657878224278101000,51.3,2,51.2,1,51.3,3,1,2022-07-15 09:43:44
1657878235035963000,51.2,1,51.2,1,51.3,3,2,2022-07-15 09:43:55
1657878238685599000,51.2,1,51.1,5,51.3,3,2,2022-07-15 09:43:58
1657878262618013000,51.2,1,51.1,6,51.3,3,1,2022-07-15 09:44:22
1657878282721150000,51.1,5,51.1,1,51.3,3,2,2022-07-15 09:44:42
1657878282744519000,51.1,1,51.0,10,51.3,3,2,2022-07-15 09:44:42
1657878288375283000,51.0,9,51.0,1,51.3,4,2,2022-07-15 09:44:48
1657878292309629000,51.0,1,50.9,10,51.3,4,2,2022-07-15 09:44:52
1657878315271471000,51.1,2,51.0,2,51.2,2,2,2022-07-15 09:45:15
1657878328847291000,51.0,2,51.0,1,51.2,2,2,2022-07-15 09:45:28
1657878336202415000,51.0,1,50.9,4,51.2,3,2,2022-07-15 09:45:36
1657878336202415000,50.9,8,50.9,4,51.2,3,2,2022-07-15 09:45:36
1657878344814179000,50.9,1,50.9,3,51.0,1,2,2022-07-15 09:45:44
1657878354598221000,51.0,2,50.9,3,51.1,1,1,2022-07-15 09:45:54
1657878355646506000,50.9,3,50.8,3,51.1,2,2,2022-07-15 09:45:55
1657878355646506000,50.8,23,50.8,3,51.1,2,2,2022-07-15 09:45:55
1657878360459460000,50.8,1,50.8,3,51.1,5,2,2022-07-15 09:46:00
1657878365941253000,50.8,4,50.7,4,51.1,5,2,2022-07-15 09:46:05
1657878365941253000,50.7,18,50.7,4,51.1,5,2,2022-07-15 09:46:05
1657878368394327000,50.8,1,50.8,1,50.9,1,2,2022-07-15 09:46:08
1657878369574888000,50.9,1,50.7,4,51.0,2,1,2022-07-15 09:46:09
1657878389078831000,50.9,1,50.8,4,51.0,2,1,2022-07-15 09:46:29
1657878392687129000,51.0,1,50.8,4,51.0,1,1,2022-07-15 09:46:32
1657878394072821000,50.9,1,50.9,1,51.0,2,2,2022-07-15 09:46:34
1657878395880017000,51.0,1,50.9,1,51.0,1,1,2022-07-15 09:46:35
1657878399557726000,51.0,1,51.0,9,51.1,6,1,2022-07-15 09:46:39
1657878407163539000,51.0,1,51.0,8,51.1,5,2,2022-07-15 09:46:47
1657878412256113000,51.0,8,51.0,2,51.1,5,2,2022-07-15 09:46:52
1657878412282298000,51.0,2,50.9,3,51.1,5,2,2022-07-15 09:46:52
1657878452120684000,51.1,1,51.0,2,51.1,5,1,2022-07-15 09:47:32
1657878467056311000,51.1,1,51.0,2,51.1,4,1,2022-07-15 09:47:47
1657878482235889000,51.0,1,51.0,7,51.1,4,2,2022-07-15 09:48:02
1657878487160567000,51.1,1,51.0,7,51.1,3,1,2022-07-15 09:48:07
1657878497159166000,51.1,1,51.0,7,51.1,3,1,2022-07-15 09:48:17
1657878501951131000,51.1,1,51.0,7,51.1,2,1,2022-07-15 09:48:21
1657878503101771000,51.1,2,51.1,1,51.2,5,1,2022-07-15 09:48:23
1657878519725730000,51.2,1,51.1,1,51.2,2,1,2022-07-15 09:48:39
1657878533975798000,51.2,2,51.1,1,51.3,2,1,2022-07-15 09:48:53
1657878533975798000,51.3,2,51.1,1,51.3,2,1,2022-07-15 09:48:53
1657878552826069000,51.3,2,51.1,2,51.4,4,1,2022-07-15 09:49:12
1657878553445792000,51.3,1,51.1,3,51.4,5,2,2022-07-15 09:49:13
1657878556699756000,51.4,5,51.1,3,51.5,5,1,2022-07-15 09:49:16
1657878563237753000,51.5,3,51.1,3,51.5,2,1,2022-07-15 09:49:23
1657878589438990000,51.4,2,51.1,4,51.4,2,1,2022-07-15 09:49:49
1657878602327564000,51.4,1,51.2,2,51.5,3,1,2022-07-15 09:50:02
1657878607118090000,51.4,2,51.2,2,51.5,4,2,2022-07-15 09:50:07
1657878619619238000,51.4,5,51.2,2,51.5,8,2,2022-07-15 09:50:19
1657878627920386000,51.4,3,51.4,1,51.5,8,1,2022-07-15 09:50:27
1657878627944801000,51.4,1,51.2,2,51.5,8,2,2022-07-15 09:50:27
1657878633292140000,51.3,1,51.3,1,51.4,5,2,2022-07-15 09:50:33
1657878633322559000,51.3,1,51.2,2,51.4,5,2,2022-07-15 09:50:33
1657878661683266000,51.2,7,51.1,5,51.3,1,2,2022-07-15 09:51:01
1657878661859778000,51.3,1,51.1,4,51.3,2,1,2022-07-15 09:51:01
1657878664178502000,51.3,3,51.1,4,51.4,5,1,2022-07-15 09:51:04
1657878683248517000,51.2,5,51.1,4,51.4,6,1,2022-07-15 09:51:23
1657878735252859000,51.2,1,51.1,4,51.3,4,2,2022-07-15 09:52:15
1657878745919409000,51.3,1,51.2,1,51.3,3,1,2022-07-15 09:52:25
1657878753255266000,51.3,1,51.2,1,51.3,3,1,2022-07-15 09:52:33
1657878756217986000,51.3,2,51.2,1,51.3,1,1,2022-07-15 09:52:36
1657878779823398000,51.3,1,51.2,2,51.4,5,1,2022-07-15 09:52:59
1657878789116149000,51.3,1,51.2,2,51.4,5,1,2022-07-15 09:53:09
1657878793976446000,51.3,1,51.3,1,51.4,4,2,2022-07-15 09:53:13
1657878821961036000,51.2,1,51.2,1,51.3,2,2,2022-07-15 09:53:41
1657878821984275000,51.2,1,51.1,2,51.3,2,2,2022-07-15 09:53:41
1657878838729396000,51.1,1,51.1,1,51.3,3,2,2022-07-15 09:53:58
1657878839102727000,51.2,5,51.1,1,51.3,3,2,2022-07-15 09:53:59
1657878866055897000,51.2,1,51.1,2,51.2,3,1,2022-07-15 09:54:26
1657878926997891000,51.2,2,51.1,2,51.3,5,1,2022-07-15 09:55:26
1657878933450877000,51.1,2,51.0,6,51.3,4,2,2022-07-15 09:55:33
1657878933450877000,51.0,3,51.0,6,51.3,4,2,2022-07-15 09:55:33
1657878972576134000,51.0,5,50.9,6,51.1,1,2,2022-07-15 09:56:12
1657878972576134000,50.9,2,50.9,6,51.1,1,2,2022-07-15 09:56:12
1657878988549558000,50.9,1,50.9,4,51.1,1,2,2022-07-15 09:56:28
1657879025596175000,51.0,1,50.9,4,51.1,2,1,2022-07-15 09:57:05
1657879047630793000,51.1,1,50.9,5,51.1,1,1,2022-07-15 09:57:27
1657879048498875000,51.1,1,50.9,6,51.2,1,1,2022-07-15 09:57:28
1657879058632423000,51.1,1,51.1,1,51.2,1,1,2022-07-15 09:57:38
1657879088995015000,51.2,1,51.1,1,51.4,12,1,2022-07-15 09:58:08
1657879088995015000,51.3,5,51.1,1,51.4,12,1,2022-07-15 09:58:08
1657879112649407000,51.2,1,51.2,3,51.4,13,2,2022-07-15 09:58:32
1657879151272622000,51.3,1,51.2,6,51.4,13,2,2022-07-15 09:59:11
1657879165605500000,51.3,1,51.2,6,51.4,12,2,2022-07-15 09:59:25
1657879171481219000,51.3,1,51.2,6,51.4,12,1,2022-07-15 09:59:31
1657879190663138000,51.3,2,51.2,7,51.4,18,2,2022-07-15 09:59:50
1657879215900854000,51.4,1,51.2,7,51.4,17,1,2022-07-15 10:00:15
1657879237278278000,51.3,1,51.2,7,51.3,1,1,2022-07-15 10:00:37
1657879241666425000,51.3,1,51.2,7,51.4,8,1,2022-07-15 10:00:41
1657879241666425000,51.4,9,51.2,7,51.4,8,1,2022-07-15 10:00:41
1657879250517283000,51.3,1,51.2,7,51.4,8,2,2022-07-15 10:00:50
1657879282713602000,51.3,1,51.2,7,51.4,8,1,2022-07-15 10:01:22
1657879287848937000,51.4,5,51.3,1,51.4,4,1,2022-07-15 10:01:27
1657879289509061000,51.4,1,51.3,1,51.4,3,1,2022-07-15 10:01:29
1657879304042363000,51.4,3,51.4,1,51.5,15,1,2022-07-15 10:01:44
1657879317521707000,51.3,2,51.3,1,51.4,2,2,2022-07-15 10:01:57
1657879317548155000,51.3,1,51.2,7,51.4,2,2,2022-07-15 10:01:57
1657879319380573000,51.3,1,51.2,7,51.3,2,1,2022-07-15 10:01:59
1657879320164192000,51.3,2,51.2,7,51.4,4,1,2022-07-15 10:02:00
1657879324265140000,51.2,6,51.2,1,51.4,6,2,2022-07-15 10:02:04
1657879324288638000,51.2,1,51.1,5,51.4,6,2,2022-07-15 10:02:04
1657879335648597000,51.1,4,51.0,4,51.4,8,2,2022-07-15 10:02:15
1657879340729263000,51.0,4,50.9,8,51.4,14,2,2022-07-15 10:02:20
1657879354255387000,50.9,7,50.9,1,51.3,3,2,2022-07-15 10:02:34
1657879372033888000,50.9,6,50.8,21,51.3,5,2,2022-07-15 10:02:52
1657879372033888000,50.8,1,50.8,21,51.3,5,2,2022-07-15 10:02:52
1657879378961392000,50.8,16,50.8,1,51.2,3,2,2022-07-15 10:02:58
1657879380472280000,50.8,1,50.7,17,51.1,3,2,2022-07-15 10:03:00
1657879385929985000,50.8,1,50.8,1,51.1,2,2,2022-07-15 10:03:05
1657879421020502000,50.9,4,50.8,7,51.1,4,2,2022-07-15 10:03:41
1657879427383273000,50.8,6,50.8,2,51.1,6,2,2022-07-15 10:03:47
1657879433435779000,50.9,1,50.8,5,51.1,6,1,2022-07-15 10:03:53
1657879441274221000,50.9,2,50.8,7,51.1,5,2,2022-07-15 10:04:01
1657879448516437000,50.9,9,50.9,3,51.1,7,2,2022-07-15 10:04:08
1657879457498746000,50.9,2,50.9,1,51.1,7,2,2022-07-15 10:04:17
1657879468338152000,51.1,1,50.9,1,51.1,6,1,2022-07-15 10:04:28
1657879473411902000,51.1,7,50.9,1,51.2,3,1,2022-07-15 10:04:33
1657879493032996000,51.2,2,50.9,11,51.3,4,1,2022-07-15 10:04:53
1657879493123051000,51.3,2,50.9,11,51.3,4,1,2022-07-15 10:04:53
1657879506417862000,51.3,1,51.1,1,51.3,1,1,2022-07-15 10:05:06
1657879510217375000,51.3,1,51.1,1,51.3,2,1,2022-07-15 10:05:10
1657879555434014000,51.3,1,51.2,1,51.3,1,1,2022-07-15 10:05:55
1657879580412533000,51.2,1,51.0,4,51.3,1,2,2022-07-15 10:06:20
1657879580412533000,51.1,1,51.0,4,51.3,1,2,2022-07-15 10:06:20
1657879661896178000,51.2,1,51.1,3,51.2,3,1,2022-07-15 10:07:41
1657879664093319000,51.2,3,51.1,4,51.3,5,1,2022-07-15 10:07:44
1657879686683979000,51.1,1,51.1,3,51.3,10,2,2022-07-15 10:08:06
1657879730142387000,51.2,1,51.1,6,51.3,8,2,2022-07-15 10:08:50
1657879742809584000,51.1,5,51.1,1,51.3,8,2,2022-07-15 10:09:02
1657879751055377000,51.1,1,51.0,2,51.3,9,2,2022-07-15 10:09:11
1657879751055377000,51.0,4,51.0,2,51.3,9,2,2022-07-15 10:09:11
1657879772920409000,51.0,3,50.9,6,51.3,9,2,2022-07-15 10:09:32
1657879787320450000,51.0,4,51.0,1,51.3,9,2,2022-07-15 10:09:47
1657879803414637000,51.1,1,51.0,3,51.3,9,1,2022-07-15 10:10:03
1657879804697919000,51.0,4,50.9,4,51.3,9,2,2022-07-15 10:10:04
1657879804697919000,50.9,2,50.9,4,51.3,9,2,2022-07-15 10:10:04
1657879811580500000,50.9,1,50.9,3,51.3,8,2,2022-07-15 10:10:11
1657879819878173000,50.9,1,50.9,4,51.1,1,2,2022-07-15 10:10:19
1657879824005305000,50.9,4,50.8,16,51.1,1,2,2022-07-15 10:10:24
1657879831052753000,50.8,14,50.8,1,51.1,1,2,2022-07-15 10:10:31
1657879832173274000,50.8,1,50.7,16,51.1,2,2,2022-07-15 10:10:32
1657879839307138000,50.7,14,50.6,43,51.1,2,2,2022-07-15 10:10:39
1657879847316436000,50.8,1,50.8,1,51.0,3,2,2022-07-15 10:10:47
1657879847420751000,50.8,1,50.6,42,51.0,3,2,2022-07-15 10:10:47
1657879867992338000,50.8,1,50.8,1,51.0,3,2,2022-07-15 10:11:07
1657879870679873000,50.8,1,50.7,8,51.0,3,2,2022-07-15 10:11:10
1657879879967861000,50.9,3,50.8,2,51.0,4,1,2022-07-15 10:11:19
1657879882747642000,50.8,1,50.8,1,51.0,4,2,2022-07-15 10:11:22
1657879905647290000,50.9,1,50.8,4,51.0,3,2,2022-07-15 10:11:45
1657879907797689000,50.8,4,50.7,20,50.8,3,2,2022-07-15 10:11:47
1657879907823233000,50.8,3,50.7,20,51.0,3,1,2022-07-15 10:11:47
1657879910441939000,50.8,2,50.7,19,51.0,4,1,2022-07-15 10:11:50
1657879915784260000,50.8,1,50.7,20,51.0,6,1,2022-07-15 10:11:55
1657879921123727000,50.7,15,50.7,6,50.9,5,2,2022-07-15 10:12:01
1657879944727465000,50.8,1,50.7,6,50.9,9,2,2022-07-15 10:12:24
1657879953925512000,50.8,1,50.7,10,50.9,10,1,2022-07-15 10:12:33
1657879953961002000,50.9,10,50.7,10,51.0,5,1,2022-07-15 10:12:33
1657879973314154000,50.8,3,50.7,16,51.0,4,2,2022-07-15 10:12:53
1657879993435658000,50.8,3,50.8,1,50.9,1,2,2022-07-15 10:13:13
1657880008640552000,50.8,1,50.7,6,50.9,3,2,2022-07-15 10:13:28
1657880008640552000,50.7,8,50.7,6,50.9,3,2,2022-07-15 10:13:28
1657880020495619000,50.7,6,50.5,12,50.9,4,2,2022-07-15 10:13:40
1657880020495619000,50.6,45,50.5,12,50.9,4,2,2022-07-15 10:13:40
1657880020495619000,50.5,69,50.5,12,50.9,4,2,2022-07-15 10:13:40
1657880020537832000,50.5,1,50.5,11,50.8,8,2,2022-07-15 10:13:40
1657880023200638000,50.7,1,50.5,11,50.8,9,2,2022-07-15 10:13:43
1657880049607529000,50.7,3,50.6,4,50.8,4,1,2022-07-15 10:14:09
1657880049607529000,50.8,5,50.6,4,50.8,4,1,2022-07-15 10:14:09
1657880049702142000,50.8,1,50.6,5,50.9,4,1,2022-07-15 10:14:09
1657880061900628000,50.8,1,50.6,5,50.9,3,2,2022-07-15 10:14:21
1657880068553653000,50.6,4,50.5,13,50.8,3,2,2022-07-15 10:14:28
1657880068553653000,50.5,6,50.5,13,50.8,3,2,2022-07-15 10:14:28
1657880071078506000,50.8,1,50.6,2,50.8,3,1,2022-07-15 10:14:31
1657880077995215000,50.8,1,50.6,2,50.8,3,1,2022-07-15 10:14:37
1657880130694705000,50.8,4,50.7,2,50.8,4,1,2022-07-15 10:15:30
1657880154768566000,50.8,1,50.7,2,50.8,3,1,2022-07-15 10:15:54
1657880182302576000,50.7,1,50.7,1,50.8,3,2,2022-07-15 10:16:22
1657880184287505000,50.8,3,50.7,1,50.9,9,1,2022-07-15 10:16:24
1657880235004713000,50.8,5,50.8,1,50.9,9,2,2022-07-15 10:17:15
1657880235038660000,50.8,1,50.7,5,50.8,1,2,2022-07-15 10:17:15
1657880255173860000,50.7,1,50.7,4,50.9,11,2,2022-07-15 10:17:35
1657880276853679000,50.7,4,50.6,7,50.9,12,2,2022-07-15 10:17:56
1657880287479182000,50.6,5,50.6,3,50.9,13,2,2022-07-15 10:18:07
1657880294034728000,50.6,2,50.6,1,50.9,13,2,2022-07-15 10:18:14
1657880299942687000,50.6,2,50.3,5,50.8,4,2,2022-07-15 10:18:19
1657880299942687000,50.5,20,50.3,5,50.8,4,2,2022-07-15 10:18:19
1657880299942687000,50.4,54,50.3,5,50.8,4,2,2022-07-15 10:18:19
1657880299942687000,50.3,113,50.3,5,50.8,4,2,2022-07-15 10:18:19
1657880299990542000,50.3,1,50.3,2,50.7,8,2,2022-07-15 10:18:19
1657880300009001000,50.3,1,50.3,1,50.7,9,2,2022-07-15 10:18:20
1657880301019709000,50.3,1,50.2,34,50.6,3,2,2022-07-15 10:18:21
1657880301533439000,50.5,2,50.2,34,50.6,1,2,2022-07-15 10:18:21
1657880305016034000,50.2,8,50.2,26,50.7,1,2,2022-07-15 10:18:25
1657880305045159000,50.2,5,50.2,21,50.7,2,2,2022-07-15 10:18:25
1657880305176548000,50.2,5,50.2,26,50.7,2,2,2022-07-15 10:18:25
1657880305396137000,50.2,6,50.2,10,50.6,2,2,2022-07-15 10:18:25
1657880306114797000,50.2,2,50.2,10,50.6,2,2,2022-07-15 10:18:26
1657880307134270000,50.2,2,50.2,6,50.6,2,2,2022-07-15 10:18:27
1657880307793083000,50.2,4,50.2,3,50.5,1,2,2022-07-15 10:18:27
1657880308156499000,50.2,2,50.2,3,50.5,1,2,2022-07-15 10:18:28
1657880309162944000,50.2,1,50.1,38,50.2,1,1,2022-07-15 10:18:29
1657880311490686000,50.1,4,50.1,34,50.5,1,2,2022-07-15 10:18:31
1657880312270462000,50.1,2,50.1,33,50.5,1,2,2022-07-15 10:18:32
1657880312331409000,50.1,1,50.1,32,50.5,1,2,2022-07-15 10:18:32
1657880312808594000,50.1,7,50.1,25,50.5,1,2,2022-07-15 10:18:32
1657880313296991000,50.1,2,50.1,23,50.5,1,2,2022-07-15 10:18:33
1657880314325021000,50.1,1,50.1,21,50.4,4,2,2022-07-15 10:18:34
1657880315420384000,50.1,3,50.1,18,50.4,4,2,2022-07-15 10:18:35
1657880315676481000,50.1,1,50.1,17,50.4,4,2,2022-07-15 10:18:35
1657880316666202000,50.2,1,50.2,2,50.4,4,2,2022-07-15 10:18:36
1657880319381225000,50.2,1,50.2,1,50.4,4,2,2022-07-15 10:18:39
1657880320400286000,50.4,2,50.2,1,50.4,2,1,2022-07-15 10:18:40
1657880320440492000,50.4,1,50.2,1,50.5,1,1,2022-07-15 10:18:40
1657880322777346000,50.5,2,50.2,5,50.5,2,1,2022-07-15 10:18:42
1657880324981555000,50.6,2,50.3,202,50.7,2,1,2022-07-15 10:18:44
1657880325880161000,50.7,1,50.4,4,50.7,1,1,2022-07-15 10:18:45
1657880327065426000,50.7,2,50.4,6,50.8,3,1,2022-07-15 10:18:47
1657880327159029000,50.7,1,50.5,1,50.8,2,2,2022-07-15 10:18:47
1657880329502122000,50.8,1,50.5,3,50.8,1,1,2022-07-15 10:18:49
1657880331181698000,50.7,1,50.5,3,50.8,1,1,2022-07-15 10:18:51
1657880338472731000,50.7,4,50.6,1,50.8,2,1,2022-07-15 10:18:58
1657880339777796000,50.6,1,50.5,3,50.6,3,2,2022-07-15 10:18:59
1657880339810511000,50.6,3,50.5,3,50.8,2,1,2022-07-15 10:18:59
1657880342744279000,50.6,1,50.5,3,50.7,1,2,2022-07-15 10:19:02
1657880343299615000,50.7,1,50.5,4,50.8,8,1,2022-07-15 10:19:03
1657880351627185000,50.6,1,50.5,7,50.7,3,1,2022-07-15 10:19:11
1657880353331007000,50.7,3,50.6,3,50.8,14,1,2022-07-15 10:19:13
1657880357769476000,50.8,13,50.6,4,50.9,11,1,2022-07-15 10:19:17
1657880358677987000,50.7,1,50.6,5,50.9,10,1,2022-07-15 10:19:18
1657880361826012000,50.8,1,50.7,2,50.8,5,1,2022-07-15 10:19:21
1657880363736628000,50.8,2,50.7,2,50.8,3,1,2022-07-15 10:19:23
1657880365501314000,50.7,1,50.7,1,50.8,4,2,2022-07-15 10:19:25
1657880365834738000,50.8,3,50.6,5,50.8,4,1,2022-07-15 10:19:25
1657880366093508000,50.6,5,50.5,6,50.6,1,2,2022-07-15 10:19:26
1657880366114905000,50.6,1,50.5,6,50.8,1,1,2022-07-15 10:19:26
1657880366821762000,50.8,1,50.8,1,50.9,9,1,2022-07-15 10:19:26
1657880366845207000,50.8,1,50.5,6,50.9,9,2,2022-07-15 10:19:26
1657880379083990000,50.7,1,50.7,1,50.8,5,2,2022-07-15 10:19:39
1657880379110781000,50.7,1,50.5,7,50.8,5,2,2022-07-15 10:19:39
1657880402137553000,50.6,1,50.6,1,50.7,12,2,2022-07-15 10:20:02
1657880411208428000,50.6,1,50.5,4,50.7,13,2,2022-07-15 10:20:11
1657880411208428000,50.5,3,50.5,4,50.7,13,2,2022-07-15 10:20:11
1657880418771364000,50.6,1,50.5,8,50.7,14,2,2022-07-15 10:20:18
1657880421323375000,50.6,1,50.5,8,50.7,14,1,2022-07-15 10:20:21
1657880421354169000,50.7,7,50.5,8,50.7,7,1,2022-07-15 10:20:21
1657880421520012000,50.7,1,50.5,9,50.7,6,1,2022-07-15 10:20:21
1657880424921455000,50.7,6,50.6,2,50.8,13,1,2022-07-15 10:20:24
1657880427978366000,50.7,1,50.6,4,50.8,13,1,2022-07-15 10:20:27
1657880430709722000,50.6,2,50.6,2,50.8,13,2,2022-07-15 10:20:30
1657880439589382000,50.6,2,50.5,9,50.7,4,2,2022-07-15 10:20:39
1657880468064912000,50.6,1,50.5,8,50.7,10,2,2022-07-15 10:21:08
1657880472916923000,50.5,8,50.3,29,50.7,10,2,2022-07-15 10:21:12
1657880472916923000,50.4,11,50.3,29,50.7,10,2,2022-07-15 10:21:12
1657880472916923000,50.3,171,50.3,29,50.7,10,2,2022-07-15 10:21:12
1657880479713627000,50.3,1,50.3,31,50.6,9,2,2022-07-15 10:21:19
1657880482973435000,50.6,1,50.3,31,50.6,8,1,2022-07-15 10:21:22
1657880483222319000,50.3,1,50.3,30,50.6,8,2,2022-07-15 10:21:23
1657880483507602000,50.4,1,50.3,30,50.6,8,1,2022-07-15 10:21:23
1657880493664888000,50.5,7,50.4,1,50.5,1,1,2022-07-15 10:21:33
1657880493694527000,50.5,1,50.4,1,50.7,11,1,2022-07-15 10:21:33
1657880494716162000,50.6,1,50.4,5,50.7,10,1,2022-07-15 10:21:34
1657880495925720000,50.4,1,50.4,4,50.7,10,2,2022-07-15 10:21:35
1657880507300951000,50.7,1,50.4,4,50.7,9,1,2022-07-15 10:21:47
1657880524122238000,50.6,5,50.5,1,50.7,12,1,2022-07-15 10:22:04
1657880526505514000,50.7,2,50.6,1,50.7,10,1,2022-07-15 10:22:06
1657880536496890000,50.7,10,50.6,2,50.8,6,1,2022-07-15 10:22:16
1657880558963481000,50.8,1,50.7,1,50.8,11,1,2022-07-15 10:22:38
1657880564474134000,50.7,1,50.6,2,50.7,1,2,2022-07-15 10:22:44
1657880571205268000,50.7,1,50.6,1,50.8,10,1,2022-07-15 10:22:51
1657880577262689000,50.7,1,50.6,1,50.8,10,2,2022-07-15 10:22:57
1657880577935801000,50.8,10,50.6,1,50.9,11,1,2022-07-15 10:22:57
1657880603800054000,50.8,8,50.6,4,50.9,3,1,2022-07-15 10:23:23
1657880610112930000,50.8,4,50.6,4,50.9,3,1,2022-07-15 10:23:30
1657880610905104000,50.9,1,50.6,5,50.9,2,1,2022-07-15 10:23:30
1657880617748015000,50.9,2,50.8,3,51.0,16,1,2022-07-15 10:23:37
1657880624541831000,50.9,1,50.8,2,51.0,15,2,2022-07-15 10:23:44
1657880624541831000,50.8,1,50.8,2,51.0,15,2,2022-07-15 10:23:44
1657880631235390000,50.9,1,50.8,3,50.9,2,1,2022-07-15 10:23:51
1657880632136774000,50.8,2,50.8,1,50.9,1,2,2022-07-15 10:23:52
1657880635620160000,50.8,1,50.7,2,50.8,1,2,2022-07-15 10:23:55
1657880639876566000,50.8,1,50.7,2,50.9,2,1,2022-07-15 10:23:59
1657880646040280000,50.9,2,50.7,3,51.0,15,1,2022-07-15 10:24:06
1657880669990836000,50.9,1,50.8,1,50.9,1,1,2022-07-15 10:24:29
1657880679615436000,50.9,1,50.8,2,50.9,2,1,2022-07-15 10:24:39
1657880688950556000,50.9,1,50.8,2,50.9,1,1,2022-07-15 10:24:48
1657880689821795000,50.9,1,50.8,2,51.0,15,1,2022-07-15 10:24:49
1657880704949770000,50.9,1,50.8,3,51.0,15,1,2022-07-15 10:25:04
1657880716854096000,50.9,1,50.8,2,51.0,15,1,2022-07-15 10:25:16
1657880723273550000,50.9,1,50.8,2,51.0,15,1,2022-07-15 10:25:23
1657880730979308000,50.8,1,50.8,1,50.9,1,2,2022-07-15 10:25:30
1657880731115655000,50.8,1,50.7,7,50.9,1,2,2022-07-15 10:25:31
1657880773074991000,50.9,1,50.7,6,50.9,2,1,2022-07-15 10:26:13
1657880793045174000,50.8,1,50.7,5,50.9,8,2,2022-07-15 10:26:33
1657880831241712000,50.8,1,50.7,5,50.9,9,1,2022-07-15 10:27:11
1657880841916742000,50.7,5,50.6,10,50.9,9,2,2022-07-15 10:27:21
