ts,close,volume,bid_price,bid_volume,ask_price,ask_volume,tick_type,datetime
1639472400644013000,65.6,2959,65.6,22,65.7,1,1,2021-12-14 09:00:00
1639472400676626000,65.6,22,65.5,66,65.7,4,2,2021-12-14 09:00:00
1639472400700817000,65.7,4,65.6,1,65.8,71,1,2021-12-14 09:00:00
1639472400700817000,65.8,1,65.6,1,65.8,71,1,2021-12-14 09:00:00
1639472400701312000,65.6,1,65.5,64,65.8,71,2,2021-12-14 09:00:00
1639472400701312000,65.5,2,65.5,64,65.8,71,2,2021-12-14 09:00:00
1639472400741328000,65.5,1,65.5,63,65.7,1,2,2021-12-14 09:00:00
1639472400755475000,65.7,1,65.5,63,65.8,72,1,2021-12-14 09:00:00
1639472400771759000,65.5,2,65.5,61,65.7,1,2,2021-12-14 09:00:00
1639472400795420000,65.5,9,65.5,52,65.7,29,2,2021-12-14 09:00:00
1639472400844278000,65.7,5,65.5,52,65.7,24,1,2021-12-14 09:00:00
1639472400934230000,65.5,52,65.1,150,65.7,26,2,2021-12-14 09:00:00
1639472400934230000,65.4,5,65.1,150,65.7,26,2,2021-12-14 09:00:00
1639472400934230000,65.3,49,65.1,150,65.7,26,2,2021-12-14 09:00:00
1639472400934230000,65.2,38,65.1,150,65.7,26,2,2021-12-14 09:00:00
1639472400934230000,65.1,76,65.1,150,65.7,26,2,2021-12-14 09:00:00
1639472400976119000,65.3,2,65.3,8,65.7,26,1,2021-12-14 09:00:00
1639472401001385000,65.3,1,65.3,7,65.7,26,2,2021-12-14 09:00:01
1639472401010162000,65.3,2,65.3,5,65.7,26,2,2021-12-14 09:00:01
1639472401026550000,65.3,5,65.1,150,65.7,26,2,2021-12-14 09:00:01
1639472401057797000,65.2,4,65.1,153,65.6,4,2,2021-12-14 09:00:01
1639472401090665000,65.1,2,65.1,151,65.6,4,2,2021-12-14 09:00:01
1639472401105839000,65.1,2,65.1,149,65.6,4,2,2021-12-14 09:00:01
1639472401291292000,65.6,1,65.1,150,65.6,3,1,2021-12-14 09:00:01
1639472401520954000,65.6,2,65.1,155,65.6,9,1,2021-12-14 09:00:01
1639472401676834000,65.6,5,65.1,155,65.6,4,1,2021-12-14 09:00:01
1639472401680005000,65.1,5,65.1,150,65.6,4,2,2021-12-14 09:00:01
1639472401701470000,65.1,1,65.1,149,65.6,4,2,2021-12-14 09:00:01
1639472401712869000,65.1,2,65.1,147,65.6,4,2,2021-12-14 09:00:01
1639472401785977000,65.1,1,65.1,146,65.6,4,2,2021-12-14 09:00:01
1639472401837677000,65.1,2,65.1,144,65.6,4,2,2021-12-14 09:00:01
1639472401843804000,65.1,7,65.1,137,65.6,4,2,2021-12-14 09:00:01
1639472402267241000,65.2,3,65.1,134,65.5,3,1,2021-12-14 09:00:02
1639472402267241000,65.1,10,65.1,134,65.5,3,2,2021-12-14 09:00:02
1639472402303830000,65.5,3,65.1,134,65.5,2,1,2021-12-14 09:00:02
1639472402334130000,65.5,1,65.1,134,65.5,1,1,2021-12-14 09:00:02
1639472402353218000,65.5,1,65.1,134,65.6,7,1,2021-12-14 09:00:02
1639472402438371000,65.1,2,65.1,132,65.4,9,2,2021-12-14 09:00:02
1639472402461842000,65.1,1,65.1,131,65.4,9,2,2021-12-14 09:00:02
1639472402625328000,65.1,1,65.1,130,65.4,14,2,2021-12-14 09:00:02
1639472402656655000,65.1,1,65.1,129,65.4,14,2,2021-12-14 09:00:02
1639472402860821000,65.1,2,65.1,128,65.4,14,2,2021-12-14 09:00:02
1639472402863758000,65.1,1,65.1,127,65.4,14,2,2021-12-14 09:00:02
1639472402954086000,65.1,1,65.1,126,65.4,14,2,2021-12-14 09:00:02
1639472402964176000,65.1,2,65.1,124,65.4,14,2,2021-12-14 09:00:02
1639472402965582000,65.1,5,65.1,119,65.4,14,2,2021-12-14 09:00:02
1639472403002518000,65.4,7,65.1,119,65.4,9,1,2021-12-14 09:00:03
1639472403043608000,65.1,1,65.1,108,65.4,11,2,2021-12-14 09:00:03
1639472403195614000,65.1,1,65.1,107,65.4,23,2,2021-12-14 09:00:03
1639472403220196000,65.1,1,65.1,106,65.4,23,2,2021-12-14 09:00:03
1639472403391700000,65.4,1,65.1,106,65.4,12,1,2021-12-14 09:00:03
1639472403409365000,65.1,1,65.1,105,65.4,12,2,2021-12-14 09:00:03
1639472403624029000,65.3,1,65.1,105,65.3,1,1,2021-12-14 09:00:03
1639472403637708000,65.1,1,65.1,104,65.3,1,2,2021-12-14 09:00:03
1639472403658688000,65.3,1,65.1,104,65.4,9,1,2021-12-14 09:00:03
1639472403658688000,65.4,1,65.1,104,65.4,9,1,2021-12-14 09:00:03
1639472403721017000,65.3,3,65.1,104,65.3,21,2,2021-12-14 09:00:03
1639472403776442000,65.1,1,65.1,103,65.3,21,2,2021-12-14 09:00:03
1639472403793464000,65.3,10,65.1,103,65.3,6,1,2021-12-14 09:00:03
1639472403793924000,65.3,5,65.1,103,65.3,6,1,2021-12-14 09:00:03
1639472403873534000,65.1,2,65.1,101,65.3,6,2,2021-12-14 09:00:03
1639472403957279000,65.2,2,65.1,101,65.3,6,1,2021-12-14 09:00:03
1639472404169546000,65.1,32,65.1,70,65.2,2,2,2021-12-14 09:00:04
1639472404326189000,65.2,2,65.1,70,65.3,6,1,2021-12-14 09:00:04
1639472404334554000,65.1,10,65.1,60,65.3,6,2,2021-12-14 09:00:04
1639472404462114000,65.1,3,65.1,57,65.3,8,2,2021-12-14 09:00:04
1639472404527592000,65.1,2,65.1,56,65.2,2,2,2021-12-14 09:00:04
1639472404798276000,65.1,18,65.1,38,65.2,2,2,2021-12-14 09:00:04
1639472404816315000,65.1,2,65.1,36,65.2,2,2,2021-12-14 09:00:04
1639472404966563000,65.1,15,65.1,21,65.2,2,2,2021-12-14 09:00:04
1639472405025352000,65.1,2,65.1,19,65.2,2,2,2021-12-14 09:00:05
1639472405035937000,65.2,2,65.1,19,65.4,12,1,2021-12-14 09:00:05
1639472405035937000,65.3,6,65.1,19,65.4,12,1,2021-12-14 09:00:05
1639472405035937000,65.4,2,65.1,19,65.4,12,1,2021-12-14 09:00:05
1639472405078513000,65.1,6,65.1,13,65.2,1,2,2021-12-14 09:00:05
1639472405097211000,65.1,8,65.1,5,65.2,1,2,2021-12-14 09:00:05
1639472405134383000,65.1,2,65.1,3,65.2,1,2,2021-12-14 09:00:05
1639472405286014000,65.1,1,65.1,4,65.2,1,2,2021-12-14 09:00:05
1639472405354016000,65.1,1,65.1,3,65.2,1,2,2021-12-14 09:00:05
1639472405385795000,65.1,1,65.1,2,65.2,1,2,2021-12-14 09:00:05
1639472405513382000,65.1,1,65.1,1,65.2,14,2,2021-12-14 09:00:05
1639472405653346000,65.1,1,65.0,107,65.2,16,2,2021-12-14 09:00:05
1639472405653346000,65.0,1,65.0,107,65.2,16,2,2021-12-14 09:00:05
1639472405681427000,65.0,20,65.0,87,65.2,16,2,2021-12-14 09:00:05
1639472405703493000,65.0,1,65.0,86,65.2,16,2,2021-12-14 09:00:05
1639472405705608000,65.0,3,65.0,83,65.2,16,2,2021-12-14 09:00:05
1639472405707066000,65.0,1,65.0,82,65.2,16,2,2021-12-14 09:00:05
1639472405714192000,65.0,1,65.0,81,65.2,16,2,2021-12-14 09:00:05
1639472405717489000,65.2,2,65.0,81,65.2,14,1,2021-12-14 09:00:05
1639472405740285000,65.2,1,65.0,81,65.2,13,1,2021-12-14 09:00:05
1639472405787587000,65.0,2,65.0,79,65.2,13,2,2021-12-14 09:00:05
1639472405816759000,65.0,2,65.0,77,65.2,13,2,2021-12-14 09:00:05
1639472405818589000,65.0,77,64.9,6,65.2,13,2,2021-12-14 09:00:05
1639472405827947000,65.2,2,64.9,6,65.2,11,1,2021-12-14 09:00:05
1639472405892451000,64.9,1,64.9,5,65.2,11,2,2021-12-14 09:00:05
1639472405921556000,65.2,5,64.9,3,65.2,6,1,2021-12-14 09:00:05
1639472405928349000,64.9,3,64.8,44,65.2,18,2,2021-12-14 09:00:05
1639472405928349000,64.8,1,64.8,44,65.2,18,2,2021-12-14 09:00:05
1639472405950087000,64.8,1,64.8,43,65.2,6,2,2021-12-14 09:00:05
1639472406039704000,65.1,2,64.8,43,65.1,1,1,2021-12-14 09:00:06
1639472406076218000,65.1,1,64.8,43,65.2,6,1,2021-12-14 09:00:06
1639472406088190000,64.8,2,64.8,41,65.2,6,2,2021-12-14 09:00:06
1639472406105199000,65.2,6,64.8,41,65.3,2,1,2021-12-14 09:00:06
1639472406105199000,65.3,14,64.8,41,65.3,2,1,2021-12-14 09:00:06
1639472406139731000,64.9,1,64.9,11,65.2,2,2,2021-12-14 09:00:06
1639472406155530000,65.2,2,64.9,11,65.3,2,1,2021-12-14 09:00:06
1639472406186674000,64.9,1,64.9,10,65.4,12,2,2021-12-14 09:00:06
1639472406273723000,64.9,1,64.9,9,65.4,12,2,2021-12-14 09:00:06
1639472406351332000,65.1,1,64.9,9,65.4,12,1,2021-12-14 09:00:06
1639472406401687000,65.1,1,64.9,9,65.4,10,2,2021-12-14 09:00:06
1639472406428299000,65.0,2,64.9,8,65.3,2,2,2021-12-14 09:00:06
1639472406428299000,64.9,1,64.9,8,65.3,2,2,2021-12-14 09:00:06
1639472406654944000,65.2,1,65.1,1,65.2,1,1,2021-12-14 09:00:06
1639472406722609000,65.1,1,64.8,40,65.2,1,2,2021-12-14 09:00:06
1639472406722609000,64.9,8,64.8,40,65.2,1,2,2021-12-14 09:00:06
1639472406722609000,64.8,1,64.8,40,65.2,1,2,2021-12-14 09:00:06
1639472406900867000,65.1,1,64.8,36,65.1,9,1,2021-12-14 09:00:06
1639472406923448000,64.8,34,64.4,9,65.1,9,2,2021-12-14 09:00:06
1639472406923448000,64.7,10,64.4,9,65.1,9,2,2021-12-14 09:00:06
1639472406923448000,64.6,44,64.4,9,65.1,9,2,2021-12-14 09:00:06
1639472406923448000,64.5,57,64.4,9,65.1,9,2,2021-12-14 09:00:06
1639472406923448000,64.4,16,64.4,9,65.1,9,2,2021-12-14 09:00:06
1639472406961540000,64.4,1,64.4,5,65.1,21,2,2021-12-14 09:00:06
1639472406972279000,64.4,5,64.3,12,65.1,21,2,2021-12-14 09:00:06
1639472407004530000,64.3,2,64.3,10,65.1,19,2,2021-12-14 09:00:07
1639472407061842000,64.3,2,64.3,8,65.0,12,2,2021-12-14 09:00:07
1639472407123350000,65.0,1,64.3,8,65.0,11,1,2021-12-14 09:00:07
1639472407276094000,64.4,1,64.3,8,65.0,11,2,2021-12-14 09:00:07
1639472407364702000,64.3,1,64.3,7,65.0,16,2,2021-12-14 09:00:07
1639472407422472000,64.9,1,64.3,7,65.0,16,1,2021-12-14 09:00:07
1639472407490912000,65.0,3,64.3,7,65.0,14,1,2021-12-14 09:00:07
1639472407544356000,64.3,1,64.3,6,65.0,16,2,2021-12-14 09:00:07
1639472407776876000,64.6,1,64.6,9,65.0,14,1,2021-12-14 09:00:07
1639472407803058000,65.0,1,64.6,9,65.0,13,1,2021-12-14 09:00:07
1639472407875182000,64.6,2,64.6,7,65.0,13,2,2021-12-14 09:00:07
1639472407886597000,64.6,3,64.6,4,65.0,13,2,2021-12-14 09:00:07
1639472407903030000,64.6,1,64.6,3,65.0,13,2,2021-12-14 09:00:07
1639472407984453000,64.6,3,64.3,4,65.0,13,2,2021-12-14 09:00:07
1639472407984453000,64.3,2,64.3,4,65.0,13,2,2021-12-14 09:00:07
1639472408123310000,64.3,1,64.3,3,64.9,1,2,2021-12-14 09:00:08
1639472408125005000,64.3,1,64.3,2,64.9,1,2,2021-12-14 09:00:08
1639472408156446000,64.3,2,64.2,47,64.9,1,2,2021-12-14 09:00:08
1639472408267808000,64.9,1,64.2,44,65.0,24,1,2021-12-14 09:00:08
1639472408267808000,65.0,1,64.2,44,65.0,24,1,2021-12-14 09:00:08
1639472408301041000,64.9,14,64.2,44,65.0,9,2,2021-12-14 09:00:08
1639472408301041000,65.0,1,64.2,44,65.0,9,1,2021-12-14 09:00:08
1639472408309008000,65.0,1,64.2,44,65.0,8,1,2021-12-14 09:00:08
1639472408353727000,64.3,2,64.3,10,65.0,8,2,2021-12-14 09:00:08
1639472408386673000,64.3,1,64.3,9,65.0,8,2,2021-12-14 09:00:08
1639472408433756000,64.3,1,64.3,9,65.0,21,2,2021-12-14 09:00:08
1639472408743603000,64.9,1,64.3,11,64.9,4,1,2021-12-14 09:00:08
1639472408745378000,64.3,10,64.3,1,64.9,4,2,2021-12-14 09:00:08
1639472408900746000,64.3,1,64.3,2,64.8,1,2,2021-12-14 09:00:08
1639472408909502000,64.3,1,64.3,1,64.8,1,2,2021-12-14 09:00:08
1639472408953146000,64.8,1,64.5,4,64.9,15,1,2021-12-14 09:00:08
1639472408953146000,64.9,1,64.5,4,64.9,15,1,2021-12-14 09:00:08
1639472408975126000,64.5,1,64.5,3,64.9,13,2,2021-12-14 09:00:08
1639472408975777000,64.9,2,64.5,3,64.9,13,1,2021-12-14 09:00:08
1639472408976622000,64.9,3,64.5,3,64.9,10,1,2021-12-14 09:00:08
1639472409015470000,64.6,2,64.5,3,64.9,10,2,2021-12-14 09:00:09
1639472409078850000,64.9,1,64.5,3,64.9,9,1,2021-12-14 09:00:09
1639472409099346000,64.5,1,64.5,2,64.9,9,2,2021-12-14 09:00:09
1639472409238664000,64.6,1,64.5,1,64.8,9,1,2021-12-14 09:00:09
1639472409238664000,64.5,1,64.5,1,64.8,9,2,2021-12-14 09:00:09
1639472409284992000,64.5,1,64.4,2,64.8,9,2,2021-12-14 09:00:09
1639472409349681000,64.4,1,64.4,1,64.8,9,2,2021-12-14 09:00:09
1639472409396207000,64.4,1,64.3,5,64.8,9,2,2021-12-14 09:00:09
1639472409542132000,64.8,1,64.3,5,64.8,11,1,2021-12-14 09:00:09
1639472409559143000,64.8,10,64.3,5,64.8,1,1,2021-12-14 09:00:09
1639472409566337000,64.3,1,64.3,4,64.8,1,2,2021-12-14 09:00:09
1639472409614683000,64.4,2,64.4,7,64.8,1,1,2021-12-14 09:00:09
1639472409835680000,64.4,2,64.4,5,64.8,2,2,2021-12-14 09:00:09
1639472409980592000,64.8,1,64.4,5,64.8,2,1,2021-12-14 09:00:09
1639472410061136000,64.8,1,64.5,4,64.8,1,1,2021-12-14 09:00:10
1639472410115467000,64.5,1,64.5,3,64.8,1,2,2021-12-14 09:00:10
1639472410119214000,64.5,1,64.5,2,64.8,1,2,2021-12-14 09:00:10
1639472410181005000,64.7,1,64.5,2,64.8,1,1,2021-12-14 09:00:10
1639472410190741000,64.5,1,64.5,1,64.8,1,2,2021-12-14 09:00:10
1639472410263510000,64.5,1,64.4,14,64.8,1,2,2021-12-14 09:00:10
1639472410354031000,64.4,1,64.4,13,64.8,1,2,2021-12-14 09:00:10
1639472410394368000,64.8,1,64.4,19,64.8,1,1,2021-12-14 09:00:10
1639472410544181000,64.4,1,64.4,18,64.8,1,2,2021-12-14 09:00:10
1639472410570913000,64.4,2,64.4,16,64.8,1,2,2021-12-14 09:00:10
1639472410656485000,64.4,1,64.4,15,64.8,1,2,2021-12-14 09:00:10
1639472410791705000,64.8,1,64.4,15,64.9,30,1,2021-12-14 09:00:10
1639472410873296000,64.5,1,64.5,5,64.7,2,2,2021-12-14 09:00:10
1639472410888924000,64.7,2,64.5,5,64.9,30,1,2021-12-14 09:00:10
1639472411117913000,64.5,1,64.5,15,64.8,12,2,2021-12-14 09:00:11
1639472411210778000,64.7,2,64.5,15,64.7,1,1,2021-12-14 09:00:11
1639472411235114000,64.7,1,64.7,3,64.8,12,1,2021-12-14 09:00:11
1639472411248196000,64.8,1,64.7,3,64.8,11,1,2021-12-14 09:00:11
1639472411275608000,64.9,3,64.6,1,64.9,27,1,2021-12-14 09:00:11
1639472411279154000,64.6,1,64.5,8,64.9,27,2,2021-12-14 09:00:11
1639472411279154000,64.5,7,64.5,8,64.9,27,2,2021-12-14 09:00:11
1639472411301626000,64.4,1,64.4,15,64.9,27,2,2021-12-14 09:00:11
1639472411315392000,64.9,1,64.4,15,64.9,26,1,2021-12-14 09:00:11
1639472411366185000,64.9,2,64.6,4,64.9,24,1,2021-12-14 09:00:11
1639472411401292000,64.9,5,64.6,4,64.9,19,1,2021-12-14 09:00:11
1639472411403490000,64.6,1,64.6,3,64.9,19,2,2021-12-14 09:00:11
1639472411485095000,64.6,3,64.4,14,64.8,5,2,2021-12-14 09:00:11
1639472411485095000,64.4,1,64.4,14,64.8,5,2,2021-12-14 09:00:11
1639472411594141000,64.6,1,64.5,2,64.8,5,1,2021-12-14 09:00:11
1639472411651378000,64.5,2,64.4,14,64.8,19,2,2021-12-14 09:00:11
1639472411691846000,64.5,1,64.4,14,64.8,19,2,2021-12-14 09:00:11
1639472411692706000,64.8,1,64.4,14,64.8,18,1,2021-12-14 09:00:11
1639472411696588000,64.4,1,64.4,13,64.8,18,2,2021-12-14 09:00:11
1639472411722779000,64.4,2,64.4,11,64.8,18,2,2021-12-14 09:00:11
1639472411761562000,64.5,3,64.4,11,64.8,18,1,2021-12-14 09:00:11
1639472411785206000,64.8,7,64.5,4,64.8,11,1,2021-12-14 09:00:11
1639472411835128000,64.7,1,64.7,3,64.9,19,2,2021-12-14 09:00:11
1639472411910136000,64.9,2,64.7,3,64.9,17,1,2021-12-14 09:00:11
1639472411938871000,64.7,1,64.7,2,64.9,17,2,2021-12-14 09:00:11
1639472411960882000,64.7,1,64.7,2,64.9,17,2,2021-12-14 09:00:11
1639472412037697000,64.7,2,64.4,9,64.9,17,2,2021-12-14 09:00:12
1639472412037697000,64.6,5,64.4,9,64.9,17,2,2021-12-14 09:00:12
1639472412037697000,64.5,1,64.4,9,64.9,17,2,2021-12-14 09:00:12
1639472412037697000,64.4,2,64.4,9,64.9,17,2,2021-12-14 09:00:12
1639472412068946000,64.4,1,64.4,8,64.9,17,2,2021-12-14 09:00:12
1639472412119726000,64.4,1,64.4,7,64.8,12,2,2021-12-14 09:00:12
1639472412234155000,64.5,3,64.5,5,64.8,12,1,2021-12-14 09:00:12
1639472412238811000,64.8,1,64.5,5,64.8,11,1,2021-12-14 09:00:12
1639472412284565000,64.7,1,64.5,11,64.8,11,2,2021-12-14 09:00:12
1639472412378133000,64.6,1,64.5,7,64.7,1,2,2021-12-14 09:00:12
1639472412378133000,64.5,4,64.5,7,64.7,1,2,2021-12-14 09:00:12
1639472412399733000,64.7,1,64.5,7,64.8,16,1,2021-12-14 09:00:12
1639472412405255000,64.5,1,64.5,6,64.8,16,2,2021-12-14 09:00:12
1639472412519248000,64.5,2,64.5,4,64.8,16,2,2021-12-14 09:00:12
1639472412580099000,64.5,1,64.5,8,64.8,16,2,2021-12-14 09:00:12
1639472412654624000,64.5,1,64.5,12,64.8,16,2,2021-12-14 09:00:12
1639472412669866000,64.5,10,64.5,2,64.8,16,2,2021-12-14 09:00:12
1639472412707516000,64.5,1,64.5,1,64.8,16,2,2021-12-14 09:00:12
1639472412755192000,64.5,1,64.4,8,64.5,4,2,2021-12-14 09:00:12
1639472412781297000,64.5,4,64.4,8,64.8,16,1,2021-12-14 09:00:12
1639472412824992000,64.8,16,64.7,4,64.9,19,1,2021-12-14 09:00:12
1639472412856507000,64.7,2,64.7,2,64.9,19,2,2021-12-14 09:00:12
1639472412935371000,64.7,1,64.7,1,64.9,19,2,2021-12-14 09:00:12
1639472413014845000,64.7,1,64.6,2,64.9,19,2,2021-12-14 09:00:13
1639472413014845000,64.6,9,64.6,2,64.9,19,2,2021-12-14 09:00:13
1639472413078525000,64.9,1,64.6,4,64.9,18,1,2021-12-14 09:00:13
1639472413123682000,64.6,2,64.6,2,64.9,18,2,2021-12-14 09:00:13
1639472413125419000,64.9,1,64.6,2,64.9,17,1,2021-12-14 09:00:13
1639472413157017000,64.7,1,64.6,2,64.7,1,2,2021-12-14 09:00:13
1639472413217793000,64.6,1,64.6,1,64.7,1,2,2021-12-14 09:00:13
1639472413218204000,64.7,1,64.6,1,64.9,17,1,2021-12-14 09:00:13
1639472413269288000,64.9,4,64.6,1,64.9,13,1,2021-12-14 09:00:13
1639472413329741000,64.5,1,64.5,14,64.9,13,2,2021-12-14 09:00:13
1639472413377249000,64.5,1,64.5,10,64.8,12,2,2021-12-14 09:00:13
1639472413508410000,64.8,1,64.5,13,64.8,12,1,2021-12-14 09:00:13
1639472413574133000,64.6,1,64.5,12,64.8,12,2,2021-12-14 09:00:13
1639472413574133000,64.5,1,64.5,12,64.8,12,2,2021-12-14 09:00:13
1639472413590076000,64.8,12,64.5,12,64.9,13,1,2021-12-14 09:00:13
1639472413623097000,64.5,1,64.5,11,64.9,13,2,2021-12-14 09:00:13
1639472413660493000,64.6,1,64.6,12,64.9,13,1,2021-12-14 09:00:13
1639472413708914000,64.6,1,64.6,12,64.9,13,2,2021-12-14 09:00:13
1639472413711845000,64.6,1,64.6,11,64.9,13,2,2021-12-14 09:00:13
1639472413728719000,64.6,2,64.6,9,64.9,13,2,2021-12-14 09:00:13
1639472413799989000,64.6,5,64.6,4,64.8,3,2,2021-12-14 09:00:13
1639472413835315000,64.6,4,64.5,14,64.8,3,2,2021-12-14 09:00:13
1639472413835315000,64.5,1,64.5,14,64.8,3,2,2021-12-14 09:00:13
1639472413849808000,64.6,1,64.5,14,64.8,3,1,2021-12-14 09:00:13
1639472413855862000,64.8,3,64.5,14,64.9,12,1,2021-12-14 09:00:13
1639472413855862000,64.9,2,64.5,14,64.9,12,1,2021-12-14 09:00:13
1639472414065105000,64.6,1,64.6,7,64.9,15,2,2021-12-14 09:00:14
1639472414155441000,64.9,2,64.6,7,64.9,13,1,2021-12-14 09:00:14
1639472414192256000,64.7,2,64.6,7,64.8,2,2,2021-12-14 09:00:14
1639472414237818000,64.6,1,64.6,7,64.8,5,2,2021-12-14 09:00:14
1639472414243651000,64.6,1,64.6,6,64.8,5,2,2021-12-14 09:00:14
1639472414270652000,64.6,1,64.6,5,64.8,5,2,2021-12-14 09:00:14
1639472414427064000,64.7,1,64.6,5,64.8,19,1,2021-12-14 09:00:14
1639472414654734000,64.6,1,64.6,7,64.8,20,2,2021-12-14 09:00:14
1639472414671221000,64.8,20,64.6,7,64.9,13,1,2021-12-14 09:00:14
1639472414692964000,64.6,2,64.6,5,64.9,13,2,2021-12-14 09:00:14
1639472414741812000,64.9,1,64.6,5,64.9,12,1,2021-12-14 09:00:14
1639472414796450000,64.6,4,64.6,3,64.9,12,2,2021-12-14 09:00:14
1639472415004889000,64.7,1,64.6,3,64.7,1,1,2021-12-14 09:00:15
1639472415035014000,64.7,1,64.7,3,64.8,2,1,2021-12-14 09:00:15
1639472415061438000,64.8,2,64.6,3,64.9,12,1,2021-12-14 09:00:15
1639472415061438000,64.9,1,64.6,3,64.9,12,1,2021-12-14 09:00:15
1639472415076564000,64.6,3,64.5,16,64.9,12,2,2021-12-14 09:00:15
1639472415076564000,64.5,2,64.5,16,64.9,12,2,2021-12-14 09:00:15
1639472415294382000,64.6,1,64.6,4,64.7,4,1,2021-12-14 09:00:15
1639472415335143000,64.6,2,64.6,2,64.7,4,2,2021-12-14 09:00:15
1639472415357508000,64.7,4,64.6,2,64.9,11,1,2021-12-14 09:00:15
1639472415377081000,64.6,1,64.6,1,64.9,13,2,2021-12-14 09:00:15
1639472415384122000,64.6,1,64.5,13,64.9,13,2,2021-12-14 09:00:15
1639472415384122000,64.5,3,64.5,13,64.9,13,2,2021-12-14 09:00:15
1639472415404128000,64.9,1,64.5,13,64.9,12,1,2021-12-14 09:00:15
1639472415536174000,64.8,1,64.7,3,64.8,11,2,2021-12-14 09:00:15
1639472415582607000,64.9,1,64.7,3,64.9,11,1,2021-12-14 09:00:15
1639472415658641000,64.7,1,64.7,3,64.9,11,2,2021-12-14 09:00:15
1639472415663482000,64.9,1,64.7,3,64.9,10,1,2021-12-14 09:00:15
1639472415708801000,64.7,1,64.7,2,64.9,10,2,2021-12-14 09:00:15
1639472415740866000,64.7,1,64.7,1,64.9,10,2,2021-12-14 09:00:15
1639472415837352000,64.7,1,64.6,1,64.9,10,2,2021-12-14 09:00:15
1639472415917785000,64.8,1,64.6,2,64.9,10,1,2021-12-14 09:00:15
1639472415942957000,64.6,3,64.6,4,64.9,10,2,2021-12-14 09:00:15
1639472415956236000,64.6,2,64.6,2,64.9,10,2,2021-12-14 09:00:15
1639472416072185000,64.6,2,64.5,24,64.8,10,2,2021-12-14 09:00:16
1639472416102226000,64.5,1,64.5,24,64.8,10,2,2021-12-14 09:00:16
1639472416197988000,64.6,2,64.6,11,64.8,13,1,2021-12-14 09:00:16
1639472416233314000,64.6,1,64.6,10,64.8,13,2,2021-12-14 09:00:16
1639472416353149000,64.8,5,64.6,14,64.8,8,1,2021-12-14 09:00:16
1639472416408732000,64.6,5,64.6,9,64.8,8,2,2021-12-14 09:00:16
1639472416495935000,64.8,1,64.6,11,64.8,7,1,2021-12-14 09:00:16
1639472416501131000,64.6,1,64.6,10,64.8,7,2,2021-12-14 09:00:16
1639472416581409000,64.6,1,64.6,9,64.8,7,2,2021-12-14 09:00:16
1639472416637985000,64.6,1,64.6,9,64.7,1,2,2021-12-14 09:00:16
1639472416662085000,64.7,1,64.6,9,64.8,7,1,2021-12-14 09:00:16
1639472416664445000,64.6,2,64.6,7,64.8,7,2,2021-12-14 09:00:16
1639472416812616000,64.6,1,64.6,6,64.8,7,2,2021-12-14 09:00:16
1639472416888358000,64.6,1,64.6,5,64.8,7,2,2021-12-14 09:00:16
1639472416933279000,64.6,1,64.6,6,64.8,7,2,2021-12-14 09:00:16
1639472416971284000,64.8,1,64.6,6,64.8,9,1,2021-12-14 09:00:16
1639472417084728000,64.7,1,64.6,6,64.8,9,2,2021-12-14 09:00:17
1639472417137541000,64.6,2,64.6,4,64.8,17,2,2021-12-14 09:00:17
1639472417163107000,64.8,1,64.6,4,64.8,16,1,2021-12-14 09:00:17
1639472417171772000,64.6,2,64.6,2,64.8,16,2,2021-12-14 09:00:17
1639472417263895000,64.6,2,64.5,33,64.8,16,2,2021-12-14 09:00:17
1639472417263895000,64.5,3,64.5,33,64.8,16,2,2021-12-14 09:00:17
1639472417613172000,64.6,1,64.5,43,64.8,29,1,2021-12-14 09:00:17
1639472417633600000,64.7,1,64.5,43,64.8,29,1,2021-12-14 09:00:17
1639472417719020000,64.7,1,64.7,4,64.8,29,2,2021-12-14 09:00:17
1639472417739443000,64.7,1,64.7,3,64.8,29,2,2021-12-14 09:00:17
1639472417789119000,64.8,1,64.7,3,64.8,28,1,2021-12-14 09:00:17
1639472417817487000,64.8,1,64.7,3,64.8,27,1,2021-12-14 09:00:17
1639472417993116000,64.7,1,64.7,4,64.8,27,2,2021-12-14 09:00:17
1639472418036439000,64.8,1,64.7,4,64.8,26,1,2021-12-14 09:00:18
1639472418148461000,64.7,1,64.7,3,64.8,26,2,2021-12-14 09:00:18
1639472418253907000,64.8,1,64.7,3,64.8,25,1,2021-12-14 09:00:18
1639472418296621000,64.7,1,64.7,2,64.8,26,2,2021-12-14 09:00:18
1639472418317711000,64.7,1,64.7,1,64.8,26,2,2021-12-14 09:00:18
1639472418322197000,64.8,26,64.7,1,64.9,22,1,2021-12-14 09:00:18
1639472418331046000,64.7,1,64.6,29,64.9,22,2,2021-12-14 09:00:18
1639472418366557000,64.7,3,64.6,29,64.9,25,1,2021-12-14 09:00:18
1639472418503056000,64.7,1,64.7,19,64.9,26,2,2021-12-14 09:00:18
1639472418528436000,64.7,1,64.7,18,64.9,26,2,2021-12-14 09:00:18
1639472418536236000,64.9,1,64.7,18,64.9,25,1,2021-12-14 09:00:18
1639472418736396000,64.8,1,64.7,16,64.9,24,2,2021-12-14 09:00:18
1639472418736396000,64.9,1,64.7,16,64.9,24,1,2021-12-14 09:00:18
1639472418736549000,64.7,3,64.7,16,64.9,24,2,2021-12-14 09:00:18
1639472418751667000,64.9,1,64.7,16,64.9,23,1,2021-12-14 09:00:18
1639472418775902000,64.7,5,64.7,11,64.9,23,2,2021-12-14 09:00:18
1639472418815812000,64.7,1,64.7,10,64.9,23,2,2021-12-14 09:00:18
1639472418859979000,64.7,1,64.7,34,64.9,25,2,2021-12-14 09:00:18
1639472418907312000,64.9,5,64.7,34,64.9,20,1,2021-12-14 09:00:18
1639472418929364000,64.9,20,64.7,38,65.0,24,1,2021-12-14 09:00:18
1639472418985702000,64.8,1,64.7,38,65.0,24,2,2021-12-14 09:00:18
1639472419039398000,64.7,1,64.7,38,65.0,25,2,2021-12-14 09:00:19
1639472419093522000,64.8,2,64.7,40,64.9,1,1,2021-12-14 09:00:19
1639472419142464000,64.7,10,64.7,33,64.9,1,2,2021-12-14 09:00:19
1639472419147309000,64.7,1,64.7,32,64.9,1,2,2021-12-14 09:00:19
1639472419186429000,64.7,2,64.7,27,64.9,1,2,2021-12-14 09:00:19
1639472419235848000,64.9,1,64.7,27,65.0,16,1,2021-12-14 09:00:19
1639472419235848000,65.0,9,64.7,27,65.0,16,1,2021-12-14 09:00:19
1639472419360723000,64.7,1,64.7,27,65.0,16,2,2021-12-14 09:00:19
1639472419419428000,64.7,6,64.7,22,65.0,16,2,2021-12-14 09:00:19
1639472419607196000,64.8,1,64.8,11,65.0,16,1,2021-12-14 09:00:19
1639472419652071000,65.0,1,64.8,14,65.0,15,1,2021-12-14 09:00:19
1639472419788238000,64.8,3,64.8,14,65.0,15,2,2021-12-14 09:00:19
1639472419856939000,65.0,1,64.8,14,65.0,14,1,2021-12-14 09:00:19
1639472419979225000,65.0,1,64.8,18,65.0,13,1,2021-12-14 09:00:19
1639472419987508000,65.0,13,64.8,18,65.1,42,1,2021-12-14 09:00:19
1639472420228020000,64.8,2,64.8,22,65.1,40,2,2021-12-14 09:00:20
1639472420228425000,64.8,1,64.8,22,65.1,40,2,2021-12-14 09:00:20
1639472420269766000,64.8,1,64.8,21,65.1,40,2,2021-12-14 09:00:20
1639472420297646000,64.8,1,64.8,16,65.1,40,2,2021-12-14 09:00:20
1639472420313879000,64.8,1,64.8,23,65.1,40,2,2021-12-14 09:00:20
1639472420372971000,65.0,1,64.8,19,65.1,40,1,2021-12-14 09:00:20
1639472420372971000,64.8,4,64.8,19,65.1,40,2,2021-12-14 09:00:20
1639472420395683000,64.8,2,64.8,17,65.1,40,2,2021-12-14 09:00:20
1639472420407468000,65.1,6,64.8,17,65.1,34,1,2021-12-14 09:00:20
1639472420424643000,64.8,1,64.8,16,65.1,47,2,2021-12-14 09:00:20
1639472420633040000,64.8,1,64.8,16,65.1,47,2,2021-12-14 09:00:20
1639472420719042000,64.9,1,64.8,27,65.1,47,1,2021-12-14 09:00:20
1639472420752909000,65.1,4,64.8,30,65.1,43,1,2021-12-14 09:00:20
1639472421041586000,64.8,1,64.8,31,65.1,42,2,2021-12-14 09:00:21
1639472421311447000,65.1,1,64.9,5,65.1,41,1,2021-12-14 09:00:21
1639472421314568000,64.9,5,64.8,15,65.1,41,2,2021-12-14 09:00:21
1639472421314568000,64.8,5,64.8,15,65.1,41,2,2021-12-14 09:00:21
1639472421352624000,65.0,2,64.8,15,65.1,41,1,2021-12-14 09:00:21
1639472421496187000,64.8,2,64.8,16,65.1,41,2,2021-12-14 09:00:21
1639472421507323000,65.1,1,64.8,16,65.1,40,1,2021-12-14 09:00:21
1639472421526813000,64.8,1,64.8,15,65.1,40,2,2021-12-14 09:00:21
1639472421544458000,64.8,1,64.8,15,65.1,40,2,2021-12-14 09:00:21
1639472421647344000,64.9,10,64.9,8,65.1,40,1,2021-12-14 09:00:21
1639472421685296000,64.9,1,64.9,7,65.1,43,2,2021-12-14 09:00:21
1639472421754458000,65.1,2,64.9,7,65.1,41,1,2021-12-14 09:00:21
1639472421773904000,65.1,1,64.9,7,65.1,40,1,2021-12-14 09:00:21
1639472421986374000,65.1,1,65.0,5,65.1,39,1,2021-12-14 09:00:21
1639472422044149000,65.1,2,65.0,5,65.1,37,1,2021-12-14 09:00:22
1639472422058935000,65.1,3,65.0,5,65.1,34,1,2021-12-14 09:00:22
1639472422082299000,65.0,1,65.0,4,65.1,34,2,2021-12-14 09:00:22
1639472422096753000,65.1,3,65.0,4,65.1,31,1,2021-12-14 09:00:22
1639472422136322000,65.0,1,65.0,3,65.1,31,2,2021-12-14 09:00:22
1639472422168103000,65.0,3,64.9,9,65.1,31,2,2021-12-14 09:00:22
1639472422179438000,65.1,4,64.9,9,65.1,27,1,2021-12-14 09:00:22
1639472422306637000,65.1,27,65.0,1,65.2,7,1,2021-12-14 09:00:22
1639472422329874000,65.0,1,64.9,12,65.0,2,2,2021-12-14 09:00:22
1639472422350647000,65.0,2,64.9,12,65.2,7,1,2021-12-14 09:00:22
1639472422500121000,64.9,2,64.9,12,65.2,7,2,2021-12-14 09:00:22
1639472422680366000,64.9,1,64.9,11,65.1,5,2,2021-12-14 09:00:22
1639472422749072000,65.1,1,64.9,11,65.1,4,1,2021-12-14 09:00:22
1639472422780246000,65.1,4,64.9,11,65.2,7,1,2021-12-14 09:00:22
1639472422979847000,65.1,1,64.9,7,65.2,6,1,2021-12-14 09:00:22
1639472422979847000,65.2,1,64.9,7,65.2,6,1,2021-12-14 09:00:22
1639472422988697000,64.9,5,64.9,2,65.2,6,2,2021-12-14 09:00:22
1639472423326242000,65.2,2,65.0,20,65.2,7,1,2021-12-14 09:00:23
1639472423342426000,65.2,7,65.0,20,65.3,8,1,2021-12-14 09:00:23
1639472423342426000,65.3,5,65.0,20,65.3,8,1,2021-12-14 09:00:23
1639472423470242000,65.3,1,65.0,24,65.3,20,1,2021-12-14 09:00:23
1639472423680195000,65.0,2,65.0,22,65.1,2,2,2021-12-14 09:00:23
1639472424018900000,65.1,1,65.0,20,65.1,4,1,2021-12-14 09:00:24
1639472424151006000,65.1,2,65.0,20,65.1,2,1,2021-12-14 09:00:24
1639472424256225000,65.1,1,65.0,24,65.1,1,1,2021-12-14 09:00:24
1639472424296647000,65.1,1,65.0,24,65.3,20,1,2021-12-14 09:00:24
1639472424527616000,65.1,1,65.0,27,65.2,8,1,2021-12-14 09:00:24
1639472424732526000,65.2,1,65.1,5,65.2,7,1,2021-12-14 09:00:24
1639472424937581000,65.1,1,65.1,4,65.2,7,2,2021-12-14 09:00:24
1639472424964366000,65.2,1,65.1,4,65.2,6,1,2021-12-14 09:00:24
1639472425229721000,65.2,1,65.1,14,65.2,9,1,2021-12-14 09:00:25
1639472425449002000,65.2,1,65.1,15,65.2,12,1,2021-12-14 09:00:25
1639472425562783000,65.1,2,65.1,13,65.2,12,2,2021-12-14 09:00:25
1639472425592411000,65.1,1,65.1,12,65.2,12,2,2021-12-14 09:00:25
1639472425625471000,65.2,1,65.1,12,65.2,11,1,2021-12-14 09:00:25
1639472425833304000,65.2,2,65.1,17,65.2,9,1,2021-12-14 09:00:25
1639472426228839000,65.2,1,65.1,18,65.2,5,1,2021-12-14 09:00:26
1639472426263011000,65.1,2,65.1,17,65.2,5,2,2021-12-14 09:00:26
1639472426295023000,65.1,5,65.1,12,65.2,5,2,2021-12-14 09:00:26
1639472426365258000,65.1,1,65.1,12,65.2,12,2,2021-12-14 09:00:26
1639472426395464000,65.2,1,65.1,12,65.2,11,1,2021-12-14 09:00:26
1639472426595911000,65.2,1,65.1,17,65.2,10,1,2021-12-14 09:00:26
1639472426621123000,65.1,1,65.1,16,65.2,10,2,2021-12-14 09:00:26
1639472426811377000,65.1,1,65.1,15,65.2,10,2,2021-12-14 09:00:26
1639472426928463000,65.1,1,65.1,14,65.2,14,2,2021-12-14 09:00:26
1639472427010054000,65.2,1,65.1,14,65.2,13,1,2021-12-14 09:00:27
1639472427058085000,65.1,1,65.1,13,65.2,13,2,2021-12-14 09:00:27
1639472427296683000,65.2,1,65.1,13,65.2,13,1,2021-12-14 09:00:27
1639472427362106000,65.2,1,65.1,13,65.2,12,1,2021-12-14 09:00:27
1639472427557394000,65.1,1,65.1,18,65.2,12,2,2021-12-14 09:00:27
1639472427579477000,65.2,1,65.1,18,65.2,11,1,2021-12-14 09:00:27
1639472427627167000,65.2,3,65.1,18,65.2,8,1,2021-12-14 09:00:27
1639472427670098000,65.2,1,65.1,18,65.2,7,1,2021-12-14 09:00:27
1639472427819141000,65.2,3,65.1,18,65.2,4,1,2021-12-14 09:00:27
1639472427826577000,65.2,4,65.2,10,65.3,8,1,2021-12-14 09:00:27
1639472427849513000,65.2,1,65.2,9,65.3,8,2,2021-12-14 09:00:27
1639472427895678000,65.2,1,65.2,9,65.3,8,2,2021-12-14 09:00:27
1639472428082807000,65.3,2,65.2,9,65.3,6,1,2021-12-14 09:00:28
1639472428084636000,65.2,1,65.2,8,65.3,6,2,2021-12-14 09:00:28
1639472428110814000,65.2,1,65.2,7,65.3,6,2,2021-12-14 09:00:28
1639472428285761000,65.2,1,65.2,6,65.3,6,2,2021-12-14 09:00:28
1639472428367477000,65.3,1,65.2,6,65.3,5,1,2021-12-14 09:00:28
1639472428373620000,65.3,1,65.2,6,65.3,4,1,2021-12-14 09:00:28
1639472428480316000,65.3,4,65.2,8,65.4,44,1,2021-12-14 09:00:28
1639472428509317000,65.4,1,65.2,8,65.4,43,1,2021-12-14 09:00:28
1639472428540951000,65.2,2,65.2,6,65.4,43,2,2021-12-14 09:00:28
1639472428545921000,65.4,3,65.2,6,65.4,40,1,2021-12-14 09:00:28
1639472428573240000,65.2,1,65.2,5,65.4,40,2,2021-12-14 09:00:28
1639472428623222000,65.4,1,65.3,20,65.4,39,1,2021-12-14 09:00:28
1639472428650791000,65.3,4,65.3,16,65.4,39,2,2021-12-14 09:00:28
1639472428738265000,65.4,1,65.3,16,65.4,36,1,2021-12-14 09:00:28
1639472428798762000,65.4,3,65.3,16,65.4,33,1,2021-12-14 09:00:28
1639472428998672000,65.4,2,65.3,16,65.4,31,1,2021-12-14 09:00:28
1639472429005211000,65.4,6,65.3,16,65.4,25,1,2021-12-14 09:00:29
1639472429026051000,65.4,3,65.3,16,65.4,22,1,2021-12-14 09:00:29
1639472429154032000,65.3,10,65.3,6,65.4,22,2,2021-12-14 09:00:29
1639472429163974000,65.3,3,65.3,3,65.4,22,2,2021-12-14 09:00:29
1639472429352634000,65.4,1,65.3,3,65.4,21,1,2021-12-14 09:00:29
1639472429666019000,65.3,1,65.3,2,65.4,34,2,2021-12-14 09:00:29
1639472429789016000,65.4,5,65.3,2,65.4,31,1,2021-12-14 09:00:29
1639472429815275000,65.4,1,65.3,2,65.4,28,1,2021-12-14 09:00:29
1639472429986120000,65.3,2,65.2,22,65.4,90,2,2021-12-14 09:00:29
1639472430333251000,65.3,5,65.3,25,65.4,90,2,2021-12-14 09:00:30
1639472430422940000,65.4,1,65.3,25,65.4,89,1,2021-12-14 09:00:30
1639472430527881000,65.4,1,65.3,25,65.4,88,1,2021-12-14 09:00:30
1639472430553415000,65.3,1,65.3,24,65.4,88,2,2021-12-14 09:00:30
1639472430736219000,65.3,1,65.3,33,65.4,88,2,2021-12-14 09:00:30
1639472430812436000,65.4,3,65.3,35,65.4,83,1,2021-12-14 09:00:30
1639472430822988000,65.4,1,65.3,35,65.4,82,1,2021-12-14 09:00:30
1639472430946042000,65.4,1,65.3,35,65.4,81,1,2021-12-14 09:00:30
1639472431296750000,65.4,1,65.3,39,65.4,80,1,2021-12-14 09:00:31
1639472431414584000,65.4,1,65.3,39,65.4,79,1,2021-12-14 09:00:31
1639472431446273000,65.4,4,65.3,39,65.4,75,1,2021-12-14 09:00:31
1639472431539198000,65.3,10,65.3,30,65.4,75,2,2021-12-14 09:00:31
1639472431821051000,65.4,1,65.3,35,65.4,74,1,2021-12-14 09:00:31
1639472431838256000,65.4,2,65.3,35,65.4,72,1,2021-12-14 09:00:31
1639472431868523000,65.4,1,65.3,35,65.4,71,1,2021-12-14 09:00:31
1639472431937221000,65.3,3,65.3,33,65.4,71,2,2021-12-14 09:00:31
1639472431940582000,65.4,3,65.3,33,65.4,68,1,2021-12-14 09:00:31
1639472431951076000,65.4,2,65.3,33,65.4,66,1,2021-12-14 09:00:31
1639472431999256000,65.4,1,65.3,33,65.4,65,1,2021-12-14 09:00:31
1639472432006979000,65.4,2,65.3,33,65.4,63,1,2021-12-14 09:00:32
1639472432237215000,65.4,1,65.3,34,65.4,62,1,2021-12-14 09:00:32
1639472432241833000,65.4,1,65.3,34,65.4,61,1,2021-12-14 09:00:32
1639472432502263000,65.4,1,65.3,38,65.4,61,1,2021-12-14 09:00:32
1639472432565698000,65.4,1,65.3,38,65.4,60,1,2021-12-14 09:00:32
1639472432662731000,65.4,1,65.3,38,65.4,59,1,2021-12-14 09:00:32
1639472432734010000,65.4,1,65.3,89,65.4,58,1,2021-12-14 09:00:32
1639472432756583000,65.4,13,65.3,90,65.4,45,1,2021-12-14 09:00:32
1639472432794640000,65.4,45,65.3,90,65.5,28,1,2021-12-14 09:00:32
1639472432794640000,65.5,5,65.3,90,65.5,28,1,2021-12-14 09:00:32
1639472432835024000,65.5,1,65.3,91,65.5,27,1,2021-12-14 09:00:32
1639472432851937000,65.3,10,65.3,82,65.5,27,2,2021-12-14 09:00:32
1639472432930116000,65.5,3,65.3,84,65.5,24,1,2021-12-14 09:00:32
1639472432942284000,65.5,1,65.3,84,65.5,23,1,2021-12-14 09:00:32
1639472432960495000,65.5,1,65.4,5,65.5,22,1,2021-12-14 09:00:32
1639472433042132000,65.5,1,65.4,6,65.5,20,1,2021-12-14 09:00:33
1639472433042597000,65.5,1,65.4,6,65.5,20,1,2021-12-14 09:00:33
1639472433065418000,65.5,16,65.4,8,65.5,4,1,2021-12-14 09:00:33
1639472433084781000,65.5,4,65.4,8,65.6,19,1,2021-12-14 09:00:33
1639472433204788000,65.5,1,65.4,12,65.6,19,2,2021-12-14 09:00:33
1639472433236081000,65.4,1,65.4,15,65.6,19,2,2021-12-14 09:00:33
1639472433392556000,65.6,2,65.4,19,65.6,17,1,2021-12-14 09:00:33
1639472433458170000,65.6,1,65.4,20,65.6,16,1,2021-12-14 09:00:33
1639472433484803000,65.6,2,65.4,20,65.6,14,1,2021-12-14 09:00:33
1639472433799676000,65.6,1,65.4,23,65.6,13,1,2021-12-14 09:00:33
1639472433866820000,65.6,13,65.4,23,65.7,7,1,2021-12-14 09:00:33
1639472433866820000,65.7,7,65.4,23,65.7,7,1,2021-12-14 09:00:33
1639472433896778000,65.7,1,65.4,24,65.7,6,1,2021-12-14 09:00:33
1639472433926620000,65.4,1,65.4,24,65.7,6,2,2021-12-14 09:00:33
1639472433932822000,65.4,1,65.4,23,65.7,6,2,2021-12-14 09:00:33
1639472433970440000,65.4,1,65.4,22,65.7,6,2,2021-12-14 09:00:33
1639472433972096000,65.7,1,65.4,22,65.7,5,1,2021-12-14 09:00:33
1639472434143926000,65.4,1,65.4,24,65.7,5,2,2021-12-14 09:00:34
1639472434154594000,65.7,1,65.4,24,65.7,19,1,2021-12-14 09:00:34
1639472434294358000,65.4,1,65.4,75,65.6,8,2,2021-12-14 09:00:34
1639472434379506000,65.6,3,65.4,78,65.6,5,1,2021-12-14 09:00:34
1639472434464122000,65.6,5,65.5,10,65.6,2,1,2021-12-14 09:00:34
1639472434465485000,65.6,1,65.5,10,65.6,1,1,2021-12-14 09:00:34
1639472434543395000,65.6,1,65.5,10,65.7,15,1,2021-12-14 09:00:34
1639472434543395000,65.7,4,65.5,10,65.7,15,1,2021-12-14 09:00:34
1639472434562912000,65.5,1,65.5,9,65.7,15,2,2021-12-14 09:00:34
1639472434600263000,65.7,5,65.5,9,65.7,10,1,2021-12-14 09:00:34
1639472434750297000,65.7,3,65.6,3,65.7,9,1,2021-12-14 09:00:34
1639472434875541000,65.7,1,65.6,3,65.7,8,1,2021-12-14 09:00:34
1639472434884865000,65.7,1,65.6,3,65.7,7,1,2021-12-14 09:00:34
1639472435000360000,65.7,3,65.6,3,65.7,4,1,2021-12-14 09:00:35
1639472435042115000,65.7,1,65.6,3,65.7,3,1,2021-12-14 09:00:35
1639472435136482000,65.6,1,65.6,2,65.7,3,2,2021-12-14 09:00:35
1639472435173569000,65.7,2,65.6,2,65.7,1,1,2021-12-14 09:00:35
1639472435265479000,65.7,1,65.6,4,65.8,75,1,2021-12-14 09:00:35
1639472435265479000,65.8,4,65.6,4,65.8,75,1,2021-12-14 09:00:35
1639472435301140000,65.6,4,65.5,10,65.6,6,2,2021-12-14 09:00:35
1639472435324745000,65.6,6,65.5,10,65.8,75,1,2021-12-14 09:00:35
1639472435334958000,65.8,2,65.5,10,65.8,73,1,2021-12-14 09:00:35
1639472435441379000,65.8,2,65.5,11,65.8,84,1,2021-12-14 09:00:35
1639472435625284000,65.7,1,65.5,11,65.8,84,2,2021-12-14 09:00:35
1639472435659998000,65.5,4,65.5,7,65.8,84,2,2021-12-14 09:00:35
1639472435671130000,65.5,4,65.5,3,65.8,84,2,2021-12-14 09:00:35
1639472435963822000,65.8,1,65.6,2,65.8,85,1,2021-12-14 09:00:35
1639472436155614000,65.6,5,65.5,6,65.8,85,2,2021-12-14 09:00:36
1639472436295535000,65.8,3,65.7,1,65.8,82,1,2021-12-14 09:00:36
1639472436305671000,65.7,1,65.6,1,65.8,82,2,2021-12-14 09:00:36
1639472436341807000,65.6,1,65.4,106,65.8,82,2,2021-12-14 09:00:36
1639472436341807000,65.5,6,65.4,106,65.8,82,2,2021-12-14 09:00:36
1639472436341807000,65.4,3,65.4,106,65.8,82,2,2021-12-14 09:00:36
1639472436395412000,65.5,2,65.4,106,65.5,6,1,2021-12-14 09:00:36
1639472436512437000,65.5,1,65.4,106,65.5,7,1,2021-12-14 09:00:36
1639472436529454000,65.5,5,65.4,106,65.5,2,1,2021-12-14 09:00:36
1639472436569632000,65.5,1,65.4,107,65.5,1,1,2021-12-14 09:00:36
1639472436716277000,65.5,1,65.4,107,65.7,5,1,2021-12-14 09:00:36
1639472436735917000,65.4,5,65.4,103,65.7,5,2,2021-12-14 09:00:36
1639472436768855000,65.7,5,65.6,1,65.8,75,1,2021-12-14 09:00:36
1639472436768855000,65.8,5,65.6,1,65.8,75,1,2021-12-14 09:00:36
1639472436805796000,65.7,1,65.6,1,65.8,75,2,2021-12-14 09:00:36
1639472436960803000,65.8,1,65.6,12,65.8,74,1,2021-12-14 09:00:36
1639472437047896000,65.8,1,65.6,13,65.8,73,1,2021-12-14 09:00:37
1639472437057737000,65.6,1,65.6,12,65.8,73,2,2021-12-14 09:00:37
1639472437169818000,65.8,2,65.6,12,65.8,71,1,2021-12-14 09:00:37
1639472437178570000,65.6,1,65.6,11,65.8,71,2,2021-12-14 09:00:37
1639472437387028000,65.8,1,65.6,11,65.8,72,1,2021-12-14 09:00:37
1639472437538264000,65.7,1,65.6,11,65.7,2,2,2021-12-14 09:00:37
1639472437555464000,65.7,1,65.6,11,65.7,1,1,2021-12-14 09:00:37
1639472437757728000,65.7,2,65.6,17,65.7,40,1,2021-12-14 09:00:37
1639472437761055000,65.6,1,65.6,16,65.7,40,2,2021-12-14 09:00:37
1639472437797182000,65.6,1,65.6,15,65.7,40,2,2021-12-14 09:00:37
1639472437803835000,65.7,1,65.6,15,65.7,39,1,2021-12-14 09:00:37
1639472437829460000,65.6,15,65.5,9,65.7,39,2,2021-12-14 09:00:37
1639472437844290000,65.7,2,65.5,9,65.7,37,1,2021-12-14 09:00:37
1639472437880322000,65.6,2,65.5,9,65.6,2,2,2021-12-14 09:00:37
1639472437885239000,65.5,2,65.5,7,65.7,37,2,2021-12-14 09:00:37
1639472437927117000,65.7,1,65.5,8,65.7,38,1,2021-12-14 09:00:37
1639472438013542000,65.7,5,65.5,8,65.7,38,1,2021-12-14 09:00:38
1639472438023088000,65.7,10,65.5,8,65.7,29,1,2021-12-14 09:00:38
1639472438069243000,65.7,1,65.5,8,65.7,28,1,2021-12-14 09:00:38
1639472438210595000,65.7,1,65.5,9,65.7,27,1,2021-12-14 09:00:38
1639472438449773000,65.7,2,65.5,9,65.7,25,1,2021-12-14 09:00:38
1639472438542354000,65.5,9,65.4,109,65.7,25,2,2021-12-14 09:00:38
1639472438542354000,65.4,1,65.4,109,65.7,25,2,2021-12-14 09:00:38
1639472438735948000,65.5,1,65.4,68,65.7,37,1,2021-12-14 09:00:38
1639472438742625000,65.7,4,65.4,68,65.7,33,1,2021-12-14 09:00:38
1639472438889289000,65.7,3,65.5,1,65.7,30,1,2021-12-14 09:00:38
1639472438905389000,65.7,5,65.5,3,65.7,25,1,2021-12-14 09:00:38
1639472439001845000,65.6,1,65.5,3,65.7,25,2,2021-12-14 09:00:39
1639472439088529000,65.7,1,65.5,21,65.7,26,1,2021-12-14 09:00:39
1639472439168928000,65.5,2,65.5,19,65.6,5,2,2021-12-14 09:00:39
1639472439266375000,65.6,1,65.5,21,65.6,9,1,2021-12-14 09:00:39
1639472439276565000,65.6,1,65.5,21,65.6,8,1,2021-12-14 09:00:39
1639472439407763000,65.6,1,65.5,22,65.6,7,1,2021-12-14 09:00:39
1639472439433607000,65.5,1,65.5,21,65.6,7,2,2021-12-14 09:00:39
1639472439438893000,65.6,1,65.5,21,65.6,6,1,2021-12-14 09:00:39
1639472439518516000,65.6,1,65.5,21,65.6,9,1,2021-12-14 09:00:39
1639472439525862000,65.6,9,65.5,21,65.7,44,1,2021-12-14 09:00:39
1639472439525862000,65.7,1,65.5,21,65.7,44,1,2021-12-14 09:00:39
1639472439742632000,65.6,1,65.5,21,65.6,1,2,2021-12-14 09:00:39
1639472439759174000,65.6,1,65.5,21,65.7,42,1,2021-12-14 09:00:39
1639472439785439000,65.7,3,65.5,21,65.7,39,1,2021-12-14 09:00:39
1639472439817024000,65.7,3,65.5,21,65.7,37,1,2021-12-14 09:00:39
1639472439873747000,65.6,2,65.5,21,65.7,37,2,2021-12-14 09:00:39
1639472439884468000,65.6,1,65.5,21,65.6,3,1,2021-12-14 09:00:39
1639472439954761000,65.5,1,65.5,22,65.6,5,2,2021-12-14 09:00:39
1639472440095321000,65.6,1,65.5,32,65.6,19,1,2021-12-14 09:00:40
1639472440097250000,65.5,32,65.4,86,65.5,18,2,2021-12-14 09:00:40
1639472440128612000,65.5,1,65.4,86,65.5,17,1,2021-12-14 09:00:40
1639472440133623000,65.4,2,65.4,84,65.5,17,2,2021-12-14 09:00:40
1639472440142004000,65.4,2,65.4,82,65.5,17,2,2021-12-14 09:00:40
1639472440178595000,65.5,1,65.4,82,65.5,16,1,2021-12-14 09:00:40
1639472440216211000,65.5,2,65.4,82,65.5,14,1,2021-12-14 09:00:40
1639472440251313000,65.5,1,65.4,82,65.5,11,1,2021-12-14 09:00:40
1639472440251699000,65.5,2,65.4,82,65.5,11,1,2021-12-14 09:00:40
1639472440259001000,65.5,1,65.4,82,65.5,10,1,2021-12-14 09:00:40
1639472440260573000,65.5,2,65.4,82,65.5,8,1,2021-12-14 09:00:40
1639472440277528000,65.5,1,65.4,82,65.5,7,1,2021-12-14 09:00:40
1639472440331253000,65.5,1,65.4,82,65.5,6,1,2021-12-14 09:00:40
1639472440386045000,65.5,3,65.4,82,65.5,3,1,2021-12-14 09:00:40
1639472440445699000,65.5,3,65.4,82,65.6,14,1,2021-12-14 09:00:40
1639472440445699000,65.6,2,65.4,82,65.6,14,1,2021-12-14 09:00:40
1639472440556754000,65.6,1,65.4,87,65.6,64,1,2021-12-14 09:00:40
1639472440559568000,65.6,2,65.4,87,65.6,64,1,2021-12-14 09:00:40
1639472440682628000,65.5,1,65.4,87,65.5,1,2,2021-12-14 09:00:40
1639472440738504000,65.5,1,65.4,87,65.5,1,1,2021-12-14 09:00:40
1639472440778589000,65.4,77,65.4,10,65.5,17,2,2021-12-14 09:00:40
1639472440783457000,65.5,1,65.4,10,65.5,16,1,2021-12-14 09:00:40
1639472440815666000,65.4,10,65.3,139,65.5,16,2,2021-12-14 09:00:40
1639472440838865000,65.5,1,65.3,139,65.5,15,1,2021-12-14 09:00:40
1639472440868859000,65.3,10,65.3,129,65.5,15,2,2021-12-14 09:00:40
1639472440906285000,65.5,1,65.3,129,65.5,14,1,2021-12-14 09:00:40
1639472440943143000,65.5,1,65.4,1,65.5,16,1,2021-12-14 09:00:40
1639472440957635000,65.5,16,65.4,1,65.6,88,1,2021-12-14 09:00:40
1639472440957635000,65.6,4,65.4,1,65.6,88,1,2021-12-14 09:00:40
1639472440983738000,65.4,1,65.3,129,65.6,90,2,2021-12-14 09:00:40
1639472441017931000,65.5,1,65.4,1,65.6,90,1,2021-12-14 09:00:41
1639472441017955000,65.5,1,65.4,1,65.6,90,2,2021-12-14 09:00:41
1639472441028062000,65.6,1,65.4,1,65.6,89,1,2021-12-14 09:00:41
1639472441073391000,65.5,1,65.4,1,65.6,83,2,2021-12-14 09:00:41
1639472441073433000,65.6,6,65.4,1,65.6,83,1,2021-12-14 09:00:41
1639472441094119000,65.5,1,65.4,1,65.5,4,2,2021-12-14 09:00:41
1639472441156707000,65.5,4,65.4,1,65.5,10,1,2021-12-14 09:00:41
1639472441195735000,65.5,1,65.4,1,65.5,9,1,2021-12-14 09:00:41
1639472441276762000,65.5,1,65.4,7,65.5,14,1,2021-12-14 09:00:41
1639472441329168000,65.4,7,65.3,129,65.4,53,2,2021-12-14 09:00:41
1639472441356685000,65.4,1,65.3,129,65.4,52,1,2021-12-14 09:00:41
1639472441360079000,65.4,1,65.3,129,65.4,51,1,2021-12-14 09:00:41
1639472441411982000,65.4,2,65.3,129,65.4,49,1,2021-12-14 09:00:41
1639472441438493000,65.4,5,65.3,131,65.4,44,1,2021-12-14 09:00:41
1639472441469127000,65.4,1,65.3,131,65.4,56,1,2021-12-14 09:00:41
1639472441550337000,65.4,1,65.3,131,65.4,55,1,2021-12-14 09:00:41
1639472441640021000,65.4,5,65.3,131,65.4,50,1,2021-12-14 09:00:41
1639472441660399000,65.4,1,65.3,131,65.4,49,1,2021-12-14 09:00:41
1639472441678930000,65.3,39,65.3,92,65.4,49,2,2021-12-14 09:00:41
1639472441686535000,65.4,1,65.3,92,65.4,48,1,2021-12-14 09:00:41
1639472441696620000,65.4,3,65.3,92,65.4,45,1,2021-12-14 09:00:41
1639472441711507000,65.4,1,65.3,92,65.4,44,1,2021-12-14 09:00:41
1639472441712745000,65.3,20,65.3,72,65.4,44,2,2021-12-14 09:00:41
1639472441715174000,65.3,4,65.3,68,65.4,44,2,2021-12-14 09:00:41
1639472441718965000,65.4,1,65.3,68,65.4,43,1,2021-12-14 09:00:41
1639472441780519000,65.4,1,65.3,68,65.4,42,1,2021-12-14 09:00:41
1639472441805098000,65.4,15,65.3,68,65.4,27,1,2021-12-14 09:00:41
1639472441829969000,65.3,39,65.3,29,65.4,30,2,2021-12-14 09:00:41
1639472441918935000,65.4,1,65.3,32,65.4,34,1,2021-12-14 09:00:41
1639472441962546000,65.4,2,65.3,32,65.4,32,1,2021-12-14 09:00:41
1639472441983603000,65.3,4,65.3,28,65.4,32,2,2021-12-14 09:00:41
1639472442017955000,65.4,5,65.3,28,65.4,29,1,2021-12-14 09:00:42
1639472442125482000,65.3,5,65.3,23,65.4,29,2,2021-12-14 09:00:42
1639472442128803000,65.4,1,65.3,23,65.4,28,1,2021-12-14 09:00:42
1639472442134970000,65.4,1,65.3,23,65.4,27,1,2021-12-14 09:00:42
1639472442177751000,65.3,4,65.3,19,65.4,43,2,2021-12-14 09:00:42
1639472442179648000,65.4,1,65.3,19,65.4,42,1,2021-12-14 09:00:42
1639472442183506000,65.4,1,65.3,19,65.4,41,1,2021-12-14 09:00:42
1639472442222445000,65.4,3,65.3,19,65.4,38,1,2021-12-14 09:00:42
1639472442256069000,65.4,38,65.3,19,65.5,53,1,2021-12-14 09:00:42
1639472442256069000,65.5,11,65.3,19,65.5,53,1,2021-12-14 09:00:42
1639472442267483000,65.5,4,65.3,19,65.4,3,1,2021-12-14 09:00:42
1639472442270717000,65.3,2,65.3,17,65.4,3,2,2021-12-14 09:00:42
1639472442279510000,65.4,1,65.3,17,65.4,2,1,2021-12-14 09:00:42
1639472442287272000,65.3,5,65.3,12,65.4,2,2,2021-12-14 09:00:42
1639472442342250000,65.3,12,65.2,73,65.3,18,2,2021-12-14 09:00:42
1639472442368666000,65.2,6,65.2,67,65.3,20,2,2021-12-14 09:00:42
1639472442428336000,65.3,1,65.2,67,65.3,20,1,2021-12-14 09:00:42
1639472442451779000,65.3,1,65.2,67,65.3,19,1,2021-12-14 09:00:42
1639472442537203000,65.3,2,65.2,67,65.3,17,1,2021-12-14 09:00:42
1639472442560172000,65.3,3,65.2,67,65.3,14,1,2021-12-14 09:00:42
1639472442591002000,65.3,1,65.2,67,65.3,13,1,2021-12-14 09:00:42
1639472442632615000,65.3,1,65.2,67,65.3,12,1,2021-12-14 09:00:42
1639472442702647000,65.2,13,65.2,54,65.3,12,2,2021-12-14 09:00:42
1639472442742635000,65.3,1,65.2,54,65.3,11,1,2021-12-14 09:00:42
1639472442801956000,65.3,3,65.2,54,65.3,8,1,2021-12-14 09:00:42
1639472442874877000,65.3,1,65.2,54,65.3,7,1,2021-12-14 09:00:42
1639472442875895000,65.3,1,65.2,54,65.3,6,1,2021-12-14 09:00:42
1639472442948230000,65.3,1,65.2,54,65.3,15,1,2021-12-14 09:00:42
1639472442949071000,65.3,1,65.2,54,65.3,14,1,2021-12-14 09:00:42
1639472442954238000,65.3,1,65.2,54,65.3,13,1,2021-12-14 09:00:42
1639472443004870000,65.3,2,65.2,54,65.3,32,1,2021-12-14 09:00:43
1639472443008745000,65.2,2,65.2,52,65.3,32,2,2021-12-14 09:00:43
1639472443026067000,65.3,30,65.2,52,65.3,2,1,2021-12-14 09:00:43
1639472443080326000,65.3,1,65.2,52,65.3,1,1,2021-12-14 09:00:43
1639472443095620000,65.3,1,65.2,52,65.4,23,1,2021-12-14 09:00:43
1639472443095620000,65.4,9,65.2,52,65.4,23,1,2021-12-14 09:00:43
1639472443125552000,65.3,3,65.2,52,65.4,21,2,2021-12-14 09:00:43
1639472443125552000,65.4,2,65.2,52,65.4,21,1,2021-12-14 09:00:43
1639472443127478000,65.4,1,65.2,52,65.4,20,1,2021-12-14 09:00:43
1639472443155895000,65.4,1,65.2,52,65.4,19,1,2021-12-14 09:00:43
1639472443234163000,65.4,6,65.2,52,65.4,13,1,2021-12-14 09:00:43
1639472443252546000,65.4,1,65.2,52,65.4,12,1,2021-12-14 09:00:43
1639472443303059000,65.4,1,65.2,52,65.4,11,1,2021-12-14 09:00:43
1639472443378339000,65.2,25,65.2,27,65.4,13,2,2021-12-14 09:00:43
1639472443386859000,65.4,1,65.2,27,65.4,12,1,2021-12-14 09:00:43
1639472443422399000,65.3,1,65.2,27,65.3,4,2,2021-12-14 09:00:43
1639472443449104000,65.3,1,65.2,27,65.3,23,1,2021-12-14 09:00:43
1639472443458340000,65.2,1,65.2,26,65.3,23,2,2021-12-14 09:00:43
1639472443468922000,65.2,1,65.2,25,65.3,23,2,2021-12-14 09:00:43
1639472443473928000,65.3,1,65.2,25,65.3,22,1,2021-12-14 09:00:43
1639472443476224000,65.3,2,65.2,25,65.3,20,1,2021-12-14 09:00:43
1639472443499354000,65.3,1,65.2,25,65.3,19,1,2021-12-14 09:00:43
1639472443503061000,65.2,1,65.2,24,65.3,19,2,2021-12-14 09:00:43
1639472443587010000,65.3,1,65.2,24,65.3,18,1,2021-12-14 09:00:43
1639472443593582000,65.3,1,65.2,24,65.3,17,1,2021-12-14 09:00:43
1639472443619133000,65.3,1,65.2,24,65.3,16,1,2021-12-14 09:00:43
1639472443646701000,65.2,8,65.2,16,65.3,16,2,2021-12-14 09:00:43
1639472443718056000,65.3,7,65.2,16,65.3,9,1,2021-12-14 09:00:43
1639472443756837000,65.3,1,65.2,16,65.3,8,1,2021-12-14 09:00:43
1639472443835670000,65.2,1,65.2,15,65.3,8,2,2021-12-14 09:00:43
1639472443874084000,65.3,1,65.2,10,65.3,7,1,2021-12-14 09:00:43
1639472443874482000,65.2,5,65.2,10,65.3,7,2,2021-12-14 09:00:43
1639472443881339000,65.2,1,65.2,9,65.3,7,2,2021-12-14 09:00:43
1639472443935428000,65.3,1,65.2,10,65.3,6,1,2021-12-14 09:00:43
1639472443947150000,65.3,1,65.2,10,65.3,4,1,2021-12-14 09:00:43
1639472443947745000,65.3,1,65.2,10,65.3,4,1,2021-12-14 09:00:43
1639472444012270000,65.3,1,65.2,10,65.3,3,1,2021-12-14 09:00:44
1639472444103573000,65.2,1,65.2,9,65.3,3,2,2021-12-14 09:00:44
1639472444126099000,65.2,1,65.2,8,65.3,2,2,2021-12-14 09:00:44
1639472444126432000,65.3,1,65.2,8,65.3,2,1,2021-12-14 09:00:44
1639472444164382000,65.3,2,65.2,8,65.4,14,1,2021-12-14 09:00:44
1639472444164382000,65.4,5,65.2,8,65.4,14,1,2021-12-14 09:00:44
1639472444195391000,65.2,1,65.2,7,65.4,14,2,2021-12-14 09:00:44
1639472444251582000,65.4,1,65.2,7,65.4,13,1,2021-12-14 09:00:44
1639472444265261000,65.4,1,65.2,7,65.4,12,1,2021-12-14 09:00:44
1639472444272326000,65.2,2,65.2,5,65.4,12,2,2021-12-14 09:00:44
1639472444293667000,65.4,2,65.2,5,65.4,10,1,2021-12-14 09:00:44
1639472444367650000,65.4,1,65.2,5,65.4,9,1,2021-12-14 09:00:44
1639472444438742000,65.4,1,65.2,5,65.4,8,1,2021-12-14 09:00:44
1639472444481413000,65.2,1,65.2,4,65.4,8,2,2021-12-14 09:00:44
1639472444530866000,65.4,1,65.2,4,65.4,12,1,2021-12-14 09:00:44
1639472444568374000,65.4,1,65.2,4,65.4,12,1,2021-12-14 09:00:44
1639472444588878000,65.2,1,65.2,3,65.4,12,2,2021-12-14 09:00:44
1639472444706568000,65.4,1,65.2,3,65.4,11,1,2021-12-14 09:00:44
1639472444740598000,65.4,1,65.2,3,65.4,7,1,2021-12-14 09:00:44
1639472444815111000,65.4,1,65.2,3,65.4,6,1,2021-12-14 09:00:44
1639472444941627000,65.2,3,65.1,59,65.3,10,2,2021-12-14 09:00:44
1639472444941627000,65.1,2,65.1,59,65.3,10,2,2021-12-14 09:00:44
1639472444947632000,65.1,6,65.1,53,65.3,10,2,2021-12-14 09:00:44
1639472444963414000,65.3,1,65.1,53,65.3,9,1,2021-12-14 09:00:44
1639472444985779000,65.3,1,65.1,53,65.3,8,1,2021-12-14 09:00:44
1639472444999707000,65.3,1,65.1,53,65.3,7,1,2021-12-14 09:00:44
1639472445166671000,65.1,1,65.1,53,65.3,9,2,2021-12-14 09:00:45
1639472445210725000,65.1,3,65.1,50,65.2,1,2,2021-12-14 09:00:45
1639472445211626000,65.2,1,65.2,2,65.3,7,1,2021-12-14 09:00:45
1639472445231589000,65.3,1,65.2,2,65.3,6,1,2021-12-14 09:00:45
1639472445238539000,65.3,1,65.2,2,65.3,5,1,2021-12-14 09:00:45
1639472445387086000,65.3,1,65.2,2,65.3,9,1,2021-12-14 09:00:45
1639472445406952000,65.3,1,65.2,2,65.3,8,1,2021-12-14 09:00:45
1639472445459895000,65.2,2,65.1,42,65.3,8,2,2021-12-14 09:00:45
1639472445459895000,65.1,8,65.1,42,65.3,8,2,2021-12-14 09:00:45
1639472445460097000,65.3,1,65.1,42,65.3,7,1,2021-12-14 09:00:45
1639472445466566000,65.1,42,65.0,29,65.3,7,2,2021-12-14 09:00:45
1639472445466566000,65.0,58,65.0,29,65.3,7,2,2021-12-14 09:00:45
1639472445515151000,65.2,1,65.0,29,65.2,3,1,2021-12-14 09:00:45
1639472445531922000,65.0,3,65.0,26,65.3,10,2,2021-12-14 09:00:45
1639472445578617000,65.2,1,65.0,26,65.2,1,1,2021-12-14 09:00:45
1639472445595756000,65.1,1,65.0,25,65.2,1,2,2021-12-14 09:00:45
1639472445595756000,65.0,1,65.0,25,65.2,1,2,2021-12-14 09:00:45
1639472445601355000,65.2,1,65.0,25,65.3,21,1,2021-12-14 09:00:45
1639472445601355000,65.3,1,65.0,25,65.3,21,1,2021-12-14 09:00:45
1639472445697068000,65.3,1,65.0,26,65.3,20,1,2021-12-14 09:00:45
1639472445753102000,65.3,1,65.0,26,65.3,22,1,2021-12-14 09:00:45
1639472445771424000,65.3,1,65.0,26,65.3,21,1,2021-12-14 09:00:45
1639472445806855000,65.3,1,65.0,26,65.3,20,1,2021-12-14 09:00:45
1639472445848520000,65.3,10,65.0,26,65.3,10,1,2021-12-14 09:00:45
1639472445927176000,65.0,1,65.0,25,65.3,11,2,2021-12-14 09:00:45
1639472446071650000,65.0,1,65.0,24,65.2,4,2,2021-12-14 09:00:46
1639472446234815000,65.0,24,64.9,18,65.0,76,2,2021-12-14 09:00:46
1639472446291530000,65.0,2,64.9,18,65.0,74,1,2021-12-14 09:00:46
1639472446295982000,65.0,2,64.9,18,65.0,72,1,2021-12-14 09:00:46
1639472446347610000,64.9,1,64.9,17,65.0,72,2,2021-12-14 09:00:46
1639472446380855000,65.0,3,64.9,17,65.0,69,1,2021-12-14 09:00:46
1639472446422937000,64.9,1,64.9,16,65.0,69,2,2021-12-14 09:00:46
1639472446423448000,64.9,16,64.8,69,65.0,69,2,2021-12-14 09:00:46
1639472446423448000,64.8,2,64.8,69,65.0,69,2,2021-12-14 09:00:46
1639472446549522000,65.0,1,64.8,69,65.0,71,1,2021-12-14 09:00:46
1639472446602443000,65.0,1,64.8,59,65.0,70,1,2021-12-14 09:00:46
1639472446674106000,65.0,1,64.8,59,65.0,69,1,2021-12-14 09:00:46
1639472446715085000,64.8,1,64.8,58,65.0,69,2,2021-12-14 09:00:46
1639472446935715000,64.9,2,64.9,18,65.0,69,1,2021-12-14 09:00:46
1639472446970146000,65.0,1,64.9,19,65.0,68,1,2021-12-14 09:00:46
1639472446987662000,65.0,1,64.9,20,65.0,67,1,2021-12-14 09:00:46
1639472447023690000,65.0,1,64.9,20,65.0,66,1,2021-12-14 09:00:47
1639472447042749000,64.9,2,64.9,18,65.0,66,2,2021-12-14 09:00:47
1639472447043297000,64.9,2,64.9,16,65.0,66,2,2021-12-14 09:00:47
1639472447053796000,65.0,1,64.9,16,65.0,65,1,2021-12-14 09:00:47
1639472447115611000,64.9,1,64.9,15,65.0,65,2,2021-12-14 09:00:47
1639472447117877000,65.0,10,64.9,15,65.0,55,1,2021-12-14 09:00:47
1639472447180076000,65.0,1,64.9,15,65.0,54,1,2021-12-14 09:00:47
1639472447197399000,64.9,2,64.9,13,65.0,54,2,2021-12-14 09:00:47
1639472447228995000,65.0,3,64.9,13,65.0,51,1,2021-12-14 09:00:47
1639472447249110000,65.0,1,64.9,13,65.0,50,1,2021-12-14 09:00:47
1639472447283209000,65.0,5,64.9,13,65.0,45,1,2021-12-14 09:00:47
1639472447287342000,65.0,1,64.9,13,65.0,44,1,2021-12-14 09:00:47
1639472447314318000,65.0,5,64.9,13,65.0,39,1,2021-12-14 09:00:47
1639472447352058000,64.9,1,64.9,12,65.0,39,2,2021-12-14 09:00:47
1639472447401533000,65.0,1,64.9,12,65.0,38,1,2021-12-14 09:00:47
1639472447453891000,65.0,1,64.9,12,65.0,38,1,2021-12-14 09:00:47
1639472447516968000,65.0,11,64.9,12,65.0,27,1,2021-12-14 09:00:47
1639472447560646000,65.0,1,64.9,12,65.0,26,1,2021-12-14 09:00:47
1639472447576576000,65.0,2,64.9,12,65.0,24,1,2021-12-14 09:00:47
1639472447581555000,65.0,1,64.9,12,65.0,23,1,2021-12-14 09:00:47
1639472447659498000,65.0,2,64.9,12,65.0,21,1,2021-12-14 09:00:47
1639472447688996000,65.0,2,64.9,12,65.0,19,1,2021-12-14 09:00:47
1639472447725327000,65.0,1,64.9,12,65.0,18,1,2021-12-14 09:00:47
1639472447730595000,65.0,10,64.9,12,65.0,8,1,2021-12-14 09:00:47
1639472447787944000,65.0,1,64.9,12,65.0,7,1,2021-12-14 09:00:47
1639472447864461000,64.9,1,64.9,11,65.0,8,2,2021-12-14 09:00:47
1639472447970438000,65.0,1,64.9,11,65.0,7,1,2021-12-14 09:00:47
1639472447991682000,65.0,1,64.9,11,65.0,6,1,2021-12-14 09:00:47
1639472448066832000,65.0,5,64.9,12,65.0,1,1,2021-12-14 09:00:48
1639472448086357000,65.0,1,64.9,12,65.1,2,1,2021-12-14 09:00:48
1639472448086357000,65.1,1,64.9,12,65.1,2,1,2021-12-14 09:00:48
1639472448157420000,65.1,1,64.9,12,65.1,4,1,2021-12-14 09:00:48
1639472448399687000,65.1,2,64.9,12,65.1,3,1,2021-12-14 09:00:48
1639472448464867000,64.9,1,64.9,11,65.1,3,2,2021-12-14 09:00:48
1639472448498250000,65.1,1,64.9,11,65.1,2,1,2021-12-14 09:00:48
1639472448527068000,65.1,2,64.9,11,65.2,19,1,2021-12-14 09:00:48
1639472448559489000,65.1,1,64.9,11,65.2,19,2,2021-12-14 09:00:48
1639472448595371000,64.9,4,64.9,7,65.2,19,2,2021-12-14 09:00:48
1639472448823905000,65.2,1,65.0,9,65.2,18,1,2021-12-14 09:00:48
1639472448891231000,65.0,1,65.0,8,65.2,18,2,2021-12-14 09:00:48
1639472448948270000,65.2,1,65.0,8,65.2,17,1,2021-12-14 09:00:48
1639472449023201000,65.0,1,65.0,6,65.2,17,2,2021-12-14 09:00:49
1639472449023747000,65.0,1,65.0,6,65.2,17,2,2021-12-14 09:00:49
1639472449145348000,65.0,1,65.0,5,65.2,17,2,2021-12-14 09:00:49
1639472449316237000,65.0,1,65.0,4,65.2,17,2,2021-12-14 09:00:49
1639472449417530000,65.2,1,65.0,4,65.2,16,1,2021-12-14 09:00:49
1639472449440761000,65.0,1,65.0,3,65.2,16,2,2021-12-14 09:00:49
1639472449476452000,65.2,10,65.0,3,65.2,6,1,2021-12-14 09:00:49
1639472449617012000,64.9,1,64.9,19,65.2,8,2,2021-12-14 09:00:49
1639472449622778000,64.9,1,64.9,18,65.2,8,2,2021-12-14 09:00:49
1639472449687061000,65.2,10,64.9,18,65.2,10,1,2021-12-14 09:00:49
1639472449741144000,65.0,1,65.0,1,65.2,10,2,2021-12-14 09:00:49
1639472449826667000,65.0,1,65.0,1,65.2,10,2,2021-12-14 09:00:49
1639472449883524000,65.2,3,65.0,1,65.2,7,1,2021-12-14 09:00:49
1639472449936803000,65.3,1,65.0,4,65.3,38,1,2021-12-14 09:00:49
1639472450176729000,65.3,1,65.2,1,65.3,37,1,2021-12-14 09:00:50
1639472450206015000,65.2,1,65.0,10,65.1,1,2,2021-12-14 09:00:50
1639472450249259000,65.1,1,65.0,10,65.2,9,2,2021-12-14 09:00:50
1639472450380808000,65.0,1,65.0,9,65.2,10,2,2021-12-14 09:00:50
1639472450408962000,65.0,1,65.0,8,65.2,10,2,2021-12-14 09:00:50
1639472450678559000,65.2,2,65.0,12,65.2,8,1,2021-12-14 09:00:50
1639472450695174000,65.2,1,65.0,12,65.2,7,1,2021-12-14 09:00:50
1639472450710494000,65.2,1,65.0,12,65.2,6,1,2021-12-14 09:00:50
1639472450837713000,65.0,7,65.0,6,65.1,1,2,2021-12-14 09:00:50
1639472450847803000,65.0,1,65.0,5,65.1,1,2,2021-12-14 09:00:50
1639472451120410000,65.0,1,65.0,9,65.1,1,2,2021-12-14 09:00:51
1639472451222828000,65.1,1,65.0,14,65.1,1,1,2021-12-14 09:00:51
1639472451377103000,65.1,1,65.0,24,65.2,7,1,2021-12-14 09:00:51
1639472451791918000,65.0,1,65.0,24,65.2,11,2,2021-12-14 09:00:51
1639472452431547000,65.1,1,65.1,3,65.2,14,1,2021-12-14 09:00:52
1639472452507891000,65.2,1,65.1,3,65.2,13,1,2021-12-14 09:00:52
1639472452583247000,65.1,3,65.0,43,65.2,13,2,2021-12-14 09:00:52
1639472452601668000,65.0,2,65.0,41,65.1,1,2,2021-12-14 09:00:52
1639472452675602000,65.0,1,65.0,43,65.1,2,2,2021-12-14 09:00:52
1639472452705578000,65.1,2,65.0,43,65.2,11,1,2021-12-14 09:00:52
1639472452705578000,65.2,2,65.0,43,65.2,11,1,2021-12-14 09:00:52
1639472452722995000,65.2,1,65.0,43,65.2,11,1,2021-12-14 09:00:52
1639472452753895000,65.1,1,65.0,43,65.1,1,2,2021-12-14 09:00:52
1639472452805224000,65.0,2,65.0,41,65.1,1,2,2021-12-14 09:00:52
1639472452855577000,65.1,1,65.0,42,65.2,11,1,2021-12-14 09:00:52
1639472452906497000,65.2,1,65.0,43,65.2,11,1,2021-12-14 09:00:52
1639472453006094000,65.0,1,65.0,42,65.2,13,2,2021-12-14 09:00:53
1639472453017198000,65.0,1,65.0,41,65.2,13,2,2021-12-14 09:00:53
1639472453115840000,65.1,1,65.0,38,65.2,13,1,2021-12-14 09:00:53
1639472453162728000,65.2,1,65.0,41,65.2,11,1,2021-12-14 09:00:53
1639472453203116000,65.2,1,65.0,41,65.2,11,1,2021-12-14 09:00:53
1639472453205062000,65.0,1,65.0,40,65.2,11,2,2021-12-14 09:00:53
1639472453255366000,65.0,10,65.0,30,65.2,11,2,2021-12-14 09:00:53
1639472453320215000,65.0,1,65.0,27,65.1,1,2,2021-12-14 09:00:53
1639472453388569000,65.1,1,65.0,27,65.2,10,1,2021-12-14 09:00:53
1639472453436679000,65.1,2,65.0,27,65.2,8,1,2021-12-14 09:00:53
1639472453436679000,65.2,3,65.0,27,65.2,8,1,2021-12-14 09:00:53
1639472453607093000,65.2,1,65.0,29,65.2,8,1,2021-12-14 09:00:53
1639472453615708000,65.0,1,65.0,28,65.2,8,2,2021-12-14 09:00:53
1639472453796973000,65.1,1,65.0,43,65.2,9,1,2021-12-14 09:00:53
1639472453861727000,65.0,1,65.0,42,65.2,12,2,2021-12-14 09:00:53
1639472453866582000,65.0,4,65.0,38,65.2,12,2,2021-12-14 09:00:53
1639472453870235000,65.0,1,65.0,37,65.2,12,2,2021-12-14 09:00:53
1639472453962451000,65.0,2,65.0,35,65.2,12,2,2021-12-14 09:00:53
1639472453984212000,65.2,1,65.0,35,65.2,11,1,2021-12-14 09:00:53
1639472453998866000,65.0,2,65.0,33,65.2,11,2,2021-12-14 09:00:53
1639472454097757000,65.1,1,65.0,34,65.2,17,1,2021-12-14 09:00:54
1639472454155788000,65.0,1,65.0,33,65.2,17,2,2021-12-14 09:00:54
1639472454414207000,65.1,5,65.1,3,65.2,19,1,2021-12-14 09:00:54
1639472454468088000,65.1,4,65.0,59,65.2,19,2,2021-12-14 09:00:54
1639472454471403000,65.2,1,65.0,59,65.2,18,1,2021-12-14 09:00:54
1639472454477609000,65.0,1,65.0,58,65.2,18,2,2021-12-14 09:00:54
1639472454517477000,65.0,1,65.0,58,65.2,19,2,2021-12-14 09:00:54
1639472454572206000,65.0,1,65.0,57,65.2,20,2,2021-12-14 09:00:54
1639472454898985000,65.0,1,65.0,58,65.1,1,2,2021-12-14 09:00:54
1639472454929902000,65.0,2,65.0,56,65.1,1,2,2021-12-14 09:00:54
1639472454931719000,65.1,1,65.0,56,65.2,19,1,2021-12-14 09:00:54
1639472454931719000,65.2,1,65.0,56,65.2,19,1,2021-12-14 09:00:54
1639472455132702000,65.1,2,65.1,6,65.2,20,2,2021-12-14 09:00:55
1639472455389121000,65.1,2,65.1,4,65.2,21,2,2021-12-14 09:00:55
1639472455420492000,65.1,2,65.1,2,65.2,21,2,2021-12-14 09:00:55
1639472455455541000,65.1,2,65.0,68,65.2,29,2,2021-12-14 09:00:55
1639472455455541000,65.0,3,65.0,68,65.2,29,2,2021-12-14 09:00:55
1639472455505258000,65.1,1,65.0,69,65.2,29,1,2021-12-14 09:00:55
1639472455677919000,65.0,1,65.0,68,65.1,4,2,2021-12-14 09:00:55
1639472455698863000,65.0,1,65.0,67,65.1,4,2,2021-12-14 09:00:55
1639472455805230000,65.1,1,65.0,67,65.1,3,1,2021-12-14 09:00:55
1639472455945969000,65.0,1,65.0,66,65.1,68,2,2021-12-14 09:00:55
1639472455946226000,65.1,2,65.0,66,65.1,66,1,2021-12-14 09:00:55
1639472456119832000,65.1,1,65.0,71,65.1,68,1,2021-12-14 09:00:56
1639472456231392000,65.1,3,65.0,72,65.1,65,1,2021-12-14 09:00:56
1639472456458200000,65.0,1,65.0,77,65.1,106,2,2021-12-14 09:00:56
1639472456567294000,65.0,1,65.0,77,65.1,108,2,2021-12-14 09:00:56
1639472456668646000,65.0,50,65.0,28,65.1,112,2,2021-12-14 09:00:56
1639472456831557000,65.1,10,65.0,30,65.1,102,1,2021-12-14 09:00:56
1639472456893760000,65.0,1,65.0,31,65.1,102,2,2021-12-14 09:00:56
1639472456920064000,65.0,2,65.0,29,65.1,102,2,2021-12-14 09:00:56
1639472456939860000,65.1,1,65.0,29,65.1,101,1,2021-12-14 09:00:56
1639472456960920000,65.1,2,65.0,29,65.1,99,1,2021-12-14 09:00:56
1639472456964133000,65.1,1,65.0,29,65.1,98,1,2021-12-14 09:00:56
1639472456991384000,65.0,2,65.0,27,65.1,98,2,2021-12-14 09:00:56
1639472457136280000,65.1,1,65.0,27,65.1,97,1,2021-12-14 09:00:57
1639472457141470000,65.0,27,64.9,85,65.0,5,2,2021-12-14 09:00:57
1639472457158624000,65.0,4,64.9,86,65.0,1,1,2021-12-14 09:00:57
1639472457325922000,65.0,5,64.9,86,65.0,3,1,2021-12-14 09:00:57
1639472457331663000,65.0,2,64.9,86,65.0,1,1,2021-12-14 09:00:57
1639472457372673000,65.0,1,64.9,86,65.1,96,1,2021-12-14 09:00:57
1639472457372673000,65.1,1,64.9,86,65.1,96,1,2021-12-14 09:00:57
1639472457498248000,65.0,2,65.0,1,65.1,103,2,2021-12-14 09:00:57
1639472457515777000,65.0,1,65.0,1,65.1,103,2,2021-12-14 09:00:57
1639472457707329000,65.0,1,65.0,8,65.1,103,2,2021-12-14 09:00:57
1639472457718718000,65.0,1,65.0,7,65.1,103,2,2021-12-14 09:00:57
1639472457722027000,65.0,8,64.9,86,65.1,103,2,2021-12-14 09:00:57
1639472457939005000,65.0,1,64.9,86,65.1,102,1,2021-12-14 09:00:57
1639472457947809000,65.1,1,64.9,86,65.1,101,1,2021-12-14 09:00:57
1639472458103950000,65.0,2,64.9,84,65.0,48,2,2021-12-14 09:00:58
1639472458205608000,65.0,1,64.9,85,65.0,47,1,2021-12-14 09:00:58
1639472458232461000,65.0,10,64.9,85,65.0,37,1,2021-12-14 09:00:58
1639472458267621000,65.0,1,64.9,85,65.0,36,1,2021-12-14 09:00:58
1639472458306066000,65.0,1,64.9,85,65.0,36,1,2021-12-14 09:00:58
1639472458323411000,65.0,1,64.9,85,65.0,35,1,2021-12-14 09:00:58
1639472458372039000,64.9,1,64.9,82,65.0,81,2,2021-12-14 09:00:58
1639472458418556000,64.9,1,64.9,81,65.0,81,2,2021-12-14 09:00:58
1639472458494472000,65.0,1,64.9,81,65.0,81,1,2021-12-14 09:00:58
1639472458504795000,65.0,9,64.9,81,65.0,72,1,2021-12-14 09:00:58
1639472458635744000,65.0,2,64.9,81,65.0,70,1,2021-12-14 09:00:58
1639472458700194000,64.9,1,64.9,80,65.0,70,2,2021-12-14 09:00:58
1639472458813202000,65.0,10,64.9,80,65.0,62,1,2021-12-14 09:00:58
1639472458845761000,64.9,1,64.9,79,65.0,62,2,2021-12-14 09:00:58
1639472458848933000,65.0,1,64.9,79,65.0,61,1,2021-12-14 09:00:58
1639472458887271000,64.9,1,64.9,78,65.0,61,2,2021-12-14 09:00:58
1639472458916998000,64.9,1,64.9,77,65.0,61,2,2021-12-14 09:00:58
1639472458997711000,64.9,2,64.9,75,65.0,61,2,2021-12-14 09:00:58
1639472459056339000,65.0,1,64.9,75,65.0,60,1,2021-12-14 09:00:59
1639472459094314000,64.9,10,64.9,66,65.0,60,2,2021-12-14 09:00:59
1639472459141912000,65.0,1,64.9,66,65.0,60,1,2021-12-14 09:00:59
1639472459165305000,65.0,2,64.9,66,65.0,59,1,2021-12-14 09:00:59
1639472459250424000,65.0,3,64.9,66,65.0,56,1,2021-12-14 09:00:59
1639472459273233000,65.0,2,64.9,66,65.0,54,1,2021-12-14 09:00:59
1639472459290306000,64.9,4,64.9,62,65.0,54,2,2021-12-14 09:00:59
1639472459367217000,65.0,1,64.9,62,65.0,57,1,2021-12-14 09:00:59
1639472459437616000,65.0,1,64.9,62,65.0,56,1,2021-12-14 09:00:59
1639472459469363000,65.0,1,64.9,62,65.0,55,1,2021-12-14 09:00:59
1639472459527496000,64.9,2,64.9,60,65.0,55,2,2021-12-14 09:00:59
1639472459535385000,64.9,1,64.9,59,65.0,50,2,2021-12-14 09:00:59
1639472459535441000,65.0,5,64.9,59,65.0,50,1,2021-12-14 09:00:59
1639472459578913000,65.0,5,64.9,59,65.0,50,1,2021-12-14 09:00:59
1639472459621153000,64.9,1,64.9,58,65.0,50,2,2021-12-14 09:00:59
1639472459624890000,64.9,2,64.9,56,65.0,50,2,2021-12-14 09:00:59
1639472459643215000,64.9,1,64.9,55,65.0,50,2,2021-12-14 09:00:59
1639472459653976000,64.9,1,64.9,54,65.0,50,2,2021-12-14 09:00:59
1639472459698534000,65.0,1,64.9,54,65.0,49,1,2021-12-14 09:00:59
1639472459782113000,64.9,1,64.9,53,65.0,62,2,2021-12-14 09:00:59
1639472459785609000,64.9,10,64.9,43,65.0,62,2,2021-12-14 09:00:59
1639472459857354000,64.9,14,64.9,29,65.0,66,2,2021-12-14 09:00:59
1639472459963317000,65.0,1,64.9,29,65.0,65,1,2021-12-14 09:00:59
1639472460016312000,64.9,1,64.9,28,65.0,66,2,2021-12-14 09:01:00
1639472460092139000,64.9,1,64.9,27,65.0,66,2,2021-12-14 09:01:00
1639472460246242000,64.9,1,64.9,26,65.0,68,2,2021-12-14 09:01:00
1639472460299303000,65.0,1,64.9,26,65.0,70,1,2021-12-14 09:01:00
1639472460327633000,65.0,1,64.9,26,65.0,74,1,2021-12-14 09:01:00
1639472460337385000,65.0,5,64.9,26,65.0,69,1,2021-12-14 09:01:00
1639472460368488000,64.9,2,64.9,24,65.0,69,2,2021-12-14 09:01:00
1639472460370102000,64.9,1,64.9,23,65.0,69,2,2021-12-14 09:01:00
1639472460376520000,65.0,1,64.9,23,65.0,68,1,2021-12-14 09:01:00
1639472460411308000,64.9,2,64.9,21,65.0,68,2,2021-12-14 09:01:00
1639472460587262000,64.9,1,64.9,20,65.0,80,2,2021-12-14 09:01:00
1639472460595714000,64.9,1,64.9,19,65.0,80,2,2021-12-14 09:01:00
1639472460618985000,64.9,19,64.8,95,65.0,83,2,2021-12-14 09:01:00
1639472460629972000,64.8,2,64.8,93,65.0,83,2,2021-12-14 09:01:00
1639472460638740000,64.8,8,64.8,85,65.0,83,2,2021-12-14 09:01:00
1639472460847945000,65.0,2,64.8,85,65.0,91,1,2021-12-14 09:01:00
1639472461093789000,64.9,5,64.8,85,64.9,15,2,2021-12-14 09:01:01
1639472461152323000,64.9,1,64.8,85,64.9,16,1,2021-12-14 09:01:01
1639472461205966000,64.9,2,64.8,85,64.9,14,1,2021-12-14 09:01:01
1639472461359294000,64.9,1,64.8,86,64.9,19,1,2021-12-14 09:01:01
1639472461405903000,64.9,1,64.8,86,64.9,22,1,2021-12-14 09:01:01
1639472461421880000,64.9,1,64.8,86,64.9,21,1,2021-12-14 09:01:01
1639472461585133000,64.8,1,64.8,85,64.9,29,2,2021-12-14 09:01:01
1639472461606781000,64.9,3,64.8,85,64.9,26,1,2021-12-14 09:01:01
1639472461617475000,64.8,1,64.8,84,64.9,26,2,2021-12-14 09:01:01
1639472461630051000,64.9,5,64.8,84,64.9,22,1,2021-12-14 09:01:01
1639472461652380000,64.8,5,64.8,79,64.9,22,2,2021-12-14 09:01:01
1639472461671442000,64.8,1,64.8,78,64.9,22,2,2021-12-14 09:01:01
1639472461801725000,64.8,10,64.8,68,64.9,26,2,2021-12-14 09:01:01
1639472461801893000,64.9,5,64.8,68,64.9,26,1,2021-12-14 09:01:01
1639472461826380000,64.8,16,64.8,52,64.9,28,2,2021-12-14 09:01:01
1639472461871809000,64.9,2,64.8,52,64.9,26,1,2021-12-14 09:01:01
1639472462069639000,64.8,1,64.8,53,64.9,26,2,2021-12-14 09:01:02
1639472462095820000,64.9,4,64.8,53,64.9,22,1,2021-12-14 09:01:02
1639472462239673000,64.9,1,64.8,53,64.9,21,1,2021-12-14 09:01:02
1639472462256746000,64.8,10,64.8,43,64.9,21,2,2021-12-14 09:01:02
1639472462361307000,64.9,1,64.8,43,64.9,20,1,2021-12-14 09:01:02
1639472462370871000,64.9,1,64.8,43,64.9,19,1,2021-12-14 09:01:02
1639472462461599000,64.8,10,64.8,33,64.9,19,2,2021-12-14 09:01:02
1639472462489709000,64.8,5,64.8,28,64.9,19,2,2021-12-14 09:01:02
1639472462497907000,64.8,23,64.8,5,64.9,19,2,2021-12-14 09:01:02
1639472462705516000,64.8,5,64.7,25,64.9,22,2,2021-12-14 09:01:02
1639472462921165000,64.7,1,64.7,25,64.9,23,2,2021-12-14 09:01:02
1639472463078048000,64.8,1,64.7,14,64.9,23,1,2021-12-14 09:01:03
1639472463078048000,64.7,11,64.7,14,64.9,23,2,2021-12-14 09:01:03
1639472463339404000,64.9,1,64.7,14,64.9,26,1,2021-12-14 09:01:03
1639472463421646000,64.7,2,64.7,12,64.9,29,2,2021-12-14 09:01:03
1639472463551298000,64.7,1,64.7,11,64.9,29,2,2021-12-14 09:01:03
1639472463566067000,64.9,6,64.7,11,64.9,23,1,2021-12-14 09:01:03
1639472463607569000,64.7,1,64.7,10,64.9,23,2,2021-12-14 09:01:03
1639472463814482000,64.7,1,64.7,9,64.8,16,2,2021-12-14 09:01:03
1639472464189776000,64.8,2,64.7,9,64.8,15,1,2021-12-14 09:01:04
1639472464298507000,64.7,3,64.7,6,64.8,15,2,2021-12-14 09:01:04
1639472464305757000,64.7,2,64.7,4,64.8,15,2,2021-12-14 09:01:04
1639472464315721000,64.8,1,64.7,4,64.8,14,1,2021-12-14 09:01:04
1639472464391336000,64.8,4,64.7,4,64.8,10,1,2021-12-14 09:01:04
1639472464468857000,64.8,1,64.7,4,64.8,19,1,2021-12-14 09:01:04
1639472464483980000,64.8,1,64.7,4,64.8,18,1,2021-12-14 09:01:04
1639472464723907000,64.8,1,64.7,4,64.8,17,1,2021-12-14 09:01:04
1639472464798172000,64.7,4,64.6,45,64.8,18,2,2021-12-14 09:01:04
1639472465026529000,64.7,1,64.6,48,64.7,1,1,2021-12-14 09:01:05
1639472465188620000,64.6,1,64.6,47,64.7,1,2,2021-12-14 09:01:05
1639472465195582000,64.7,1,64.6,47,64.8,17,1,2021-12-14 09:01:05
1639472465280230000,64.8,1,64.6,45,64.7,3,1,2021-12-14 09:01:05
1639472465514906000,64.6,3,64.6,42,64.7,4,2,2021-12-14 09:01:05
1639472465731688000,64.6,1,64.6,41,64.7,4,2,2021-12-14 09:01:05
1639472465753496000,64.7,3,64.6,41,64.7,1,1,2021-12-14 09:01:05
1639472465830017000,64.7,1,64.6,41,64.8,21,1,2021-12-14 09:01:05
1639472465889872000,64.6,3,64.6,38,64.8,21,2,2021-12-14 09:01:05
1639472465905823000,64.8,1,64.6,38,64.8,20,1,2021-12-14 09:01:05
1639472466158202000,64.7,1,64.6,38,64.7,5,2,2021-12-14 09:01:06
1639472466263828000,64.6,1,64.6,37,64.7,5,2,2021-12-14 09:01:06
1639472466283395000,64.6,2,64.6,35,64.7,5,2,2021-12-14 09:01:06
1639472466319166000,64.6,1,64.6,34,64.7,5,2,2021-12-14 09:01:06
1639472466360712000,64.7,1,64.6,34,64.7,12,1,2021-12-14 09:01:06
1639472466522930000,64.6,1,64.6,33,64.7,12,2,2021-12-14 09:01:06
1639472466621848000,64.6,2,64.6,31,64.7,12,2,2021-12-14 09:01:06
1639472466909244000,64.6,2,64.6,29,64.7,12,2,2021-12-14 09:01:06
1639472466946549000,64.6,29,64.5,78,64.7,12,2,2021-12-14 09:01:06
1639472467002043000,64.6,1,64.6,1,64.7,12,2,2021-12-14 09:01:07
1639472467016414000,64.7,2,64.6,1,64.7,10,1,2021-12-14 09:01:07
1639472467044641000,64.7,1,64.6,1,64.7,9,1,2021-12-14 09:01:07
1639472467121623000,64.6,1,64.6,1,64.7,11,2,2021-12-14 09:01:07
1639472467162706000,64.6,1,64.5,78,64.7,11,2,2021-12-14 09:01:07
1639472467193758000,64.7,3,64.5,78,64.7,8,1,2021-12-14 09:01:07
1639472467572204000,64.5,1,64.5,77,64.6,32,2,2021-12-14 09:01:07
1639472467581801000,64.5,2,64.5,75,64.6,32,2,2021-12-14 09:01:07
1639472467643307000,64.5,10,64.5,65,64.6,32,2,2021-12-14 09:01:07
1639472467655943000,64.6,1,64.5,65,64.6,31,1,2021-12-14 09:01:07
1639472467704500000,64.6,1,64.5,65,64.6,30,1,2021-12-14 09:01:07
1639472467720773000,64.6,1,64.5,65,64.6,29,1,2021-12-14 09:01:07
1639472467745574000,64.6,1,64.5,66,64.6,28,1,2021-12-14 09:01:07
1639472467813441000,64.6,5,64.5,66,64.6,26,1,2021-12-14 09:01:07
1639472467892949000,64.5,2,64.5,64,64.6,26,2,2021-12-14 09:01:07
1639472467897570000,64.5,5,64.5,59,64.6,26,2,2021-12-14 09:01:07
1639472467936264000,64.6,2,64.5,59,64.6,24,1,2021-12-14 09:01:07
1639472468079825000,64.5,2,64.5,57,64.6,54,2,2021-12-14 09:01:08
1639472468092031000,64.5,57,64.4,44,64.6,54,2,2021-12-14 09:01:08
1639472468189149000,64.4,1,64.4,44,64.6,55,2,2021-12-14 09:01:08
1639472468217618000,64.4,2,64.4,42,64.6,55,2,2021-12-14 09:01:08
1639472468236586000,64.4,1,64.4,41,64.6,55,2,2021-12-14 09:01:08
1639472468271253000,64.6,5,64.4,41,64.6,50,1,2021-12-14 09:01:08
1639472468289546000,64.4,1,64.4,40,64.6,50,2,2021-12-14 09:01:08
1639472468383184000,64.4,10,64.4,30,64.6,50,2,2021-12-14 09:01:08
1639472468557457000,64.5,8,64.4,30,64.5,42,1,2021-12-14 09:01:08
1639472468593153000,64.5,12,64.4,15,64.5,31,1,2021-12-14 09:01:08
1639472468600293000,64.5,10,64.4,15,64.5,21,1,2021-12-14 09:01:08
1639472468819439000,64.4,1,64.4,16,64.5,71,2,2021-12-14 09:01:08
1639472468874143000,64.5,1,64.4,14,64.5,90,1,2021-12-14 09:01:08
1639472468999487000,64.5,3,64.4,14,64.5,88,1,2021-12-14 09:01:08
1639472469237836000,64.5,2,64.4,14,64.5,85,1,2021-12-14 09:01:09
1639472469432510000,64.5,1,64.4,14,64.5,85,1,2021-12-14 09:01:09
1639472469611771000,64.4,1,64.4,14,64.5,85,2,2021-12-14 09:01:09
1639472469724449000,64.5,10,64.4,14,64.5,78,1,2021-12-14 09:01:09
1639472469871443000,64.4,1,64.4,15,64.5,78,2,2021-12-14 09:01:09
1639472469872289000,64.4,15,64.3,23,64.5,78,2,2021-12-14 09:01:09
1639472469872289000,64.3,5,64.3,23,64.5,78,2,2021-12-14 09:01:09
1639472469914048000,64.3,2,64.3,21,64.5,78,2,2021-12-14 09:01:09
1639472469925754000,64.3,1,64.3,20,64.5,78,2,2021-12-14 09:01:09
1639472469970228000,64.3,2,64.3,14,64.5,78,2,2021-12-14 09:01:09
1639472470004035000,64.5,2,64.3,14,64.5,76,1,2021-12-14 09:01:10
1639472470144368000,64.3,1,64.3,14,64.5,76,2,2021-12-14 09:01:10
1639472470253844000,64.4,2,64.3,8,64.4,3,1,2021-12-14 09:01:10
1639472470283133000,64.3,1,64.3,7,64.4,4,2,2021-12-14 09:01:10
1639472470308318000,64.4,4,64.3,7,64.5,56,1,2021-12-14 09:01:10
1639472470342115000,64.5,1,64.3,6,64.5,55,1,2021-12-14 09:01:10
1639472470342815000,64.3,1,64.3,6,64.5,55,2,2021-12-14 09:01:10
1639472470372906000,64.3,6,64.2,50,64.5,55,2,2021-12-14 09:01:10
1639472470372906000,64.2,4,64.2,50,64.5,55,2,2021-12-14 09:01:10
1639472470436833000,64.3,17,64.2,54,64.4,5,1,2021-12-14 09:01:10
1639472470445152000,64.2,1,64.2,53,64.4,5,2,2021-12-14 09:01:10
1639472470635547000,64.3,1,64.2,49,64.4,25,1,2021-12-14 09:01:10
1639472470829810000,64.4,1,64.2,43,64.4,24,1,2021-12-14 09:01:10
1639472470992702000,64.4,27,64.2,43,64.5,55,1,2021-12-14 09:01:10
1639472471048101000,64.2,1,64.2,42,64.4,1,2,2021-12-14 09:01:11
1639472471070211000,64.4,1,64.2,42,64.5,55,1,2021-12-14 09:01:11
1639472471138095000,64.2,1,64.2,45,64.5,55,2,2021-12-14 09:01:11
1639472471376539000,64.3,1,64.2,43,64.3,19,1,2021-12-14 09:01:11
1639472471399185000,64.3,1,64.2,43,64.3,18,1,2021-12-14 09:01:11
1639472471404290000,64.3,18,64.2,39,64.5,57,1,2021-12-14 09:01:11
1639472471566495000,64.2,5,64.2,35,64.4,1,2,2021-12-14 09:01:11
1639472471573998000,64.2,1,64.2,34,64.4,1,2,2021-12-14 09:01:11
1639472471741355000,64.3,1,64.3,3,64.4,4,1,2021-12-14 09:01:11
1639472471782811000,64.3,1,64.3,2,64.4,4,2,2021-12-14 09:01:11
1639472471856290000,64.4,3,64.3,2,64.4,3,1,2021-12-14 09:01:11
1639472471866610000,64.4,3,64.3,2,64.5,32,1,2021-12-14 09:01:11
1639472471866610000,64.5,27,64.3,2,64.5,32,1,2021-12-14 09:01:11
1639472471875542000,64.3,2,64.2,29,64.5,32,2,2021-12-14 09:01:11
1639472471875542000,64.2,4,64.2,29,64.5,32,2,2021-12-14 09:01:11
1639472471915720000,64.5,10,64.2,29,64.5,22,1,2021-12-14 09:01:11
1639472471950159000,64.5,1,64.2,29,64.5,21,1,2021-12-14 09:01:11
1639472472068455000,64.3,1,64.2,35,64.5,22,2,2021-12-14 09:01:12
1639472472080887000,64.3,1,64.3,1,64.5,22,2,2021-12-14 09:01:12
1639472472107562000,64.5,1,64.2,35,64.5,21,1,2021-12-14 09:01:12
1639472472212539000,64.3,1,64.3,11,64.5,21,2,2021-12-14 09:01:12
1639472472293825000,64.3,1,64.3,13,64.5,21,2,2021-12-14 09:01:12
1639472472402163000,64.3,1,64.3,9,64.5,21,2,2021-12-14 09:01:12
1639472472445651000,64.5,2,64.3,9,64.5,19,1,2021-12-14 09:01:12
1639472472680574000,64.4,1,64.3,12,64.5,20,2,2021-12-14 09:01:12
1639472472718141000,64.3,9,64.3,3,64.5,22,2,2021-12-14 09:01:12
1639472472718264000,64.5,3,64.3,3,64.5,22,1,2021-12-14 09:01:12
1639472472801330000,64.3,1,64.3,2,64.5,22,2,2021-12-14 09:01:12
1639472472805014000,64.3,2,64.2,36,64.5,22,2,2021-12-14 09:01:12
1639472472805014000,64.2,8,64.2,36,64.5,22,2,2021-12-14 09:01:12
1639472472862699000,64.5,2,64.3,9,64.5,24,1,2021-12-14 09:01:12
1639472473223711000,64.3,1,64.3,15,64.5,23,2,2021-12-14 09:01:13
1639472473290961000,64.3,1,64.3,14,64.5,23,2,2021-12-14 09:01:13
1639472473390682000,64.4,3,64.2,32,64.5,25,1,2021-12-14 09:01:13
1639472473390682000,64.3,14,64.2,32,64.5,25,2,2021-12-14 09:01:13
1639472473390682000,64.2,8,64.2,32,64.5,25,2,2021-12-14 09:01:13
1639472473458629000,64.3,1,64.2,32,64.3,1,1,2021-12-14 09:01:13
1639472473462005000,64.3,1,64.2,32,64.4,1,1,2021-12-14 09:01:13
1639472473462005000,64.4,1,64.2,32,64.4,1,1,2021-12-14 09:01:13
1639472473504007000,64.4,1,64.2,47,64.4,2,1,2021-12-14 09:01:13
1639472473505563000,64.4,2,64.2,47,64.5,19,1,2021-12-14 09:01:13
1639472473505563000,64.5,2,64.2,47,64.5,19,1,2021-12-14 09:01:13
1639472473637817000,64.2,1,64.2,31,64.5,19,2,2021-12-14 09:01:13
1639472473839787000,64.3,1,64.2,30,64.5,19,1,2021-12-14 09:01:13
1639472473839787000,64.2,1,64.2,30,64.5,19,2,2021-12-14 09:01:13
1639472473876041000,64.2,9,64.2,24,64.5,19,2,2021-12-14 09:01:13
1639472474155364000,64.5,1,64.2,25,64.5,19,1,2021-12-14 09:01:14
1639472474383224000,64.3,1,64.3,1,64.5,20,2,2021-12-14 09:01:14
1639472474399694000,64.3,1,64.2,15,64.5,20,2,2021-12-14 09:01:14
1639472474433200000,64.2,5,64.2,6,64.5,21,2,2021-12-14 09:01:14
1639472474433887000,64.2,1,64.2,6,64.5,21,2,2021-12-14 09:01:14
1639472474476423000,64.2,1,64.2,5,64.4,1,2,2021-12-14 09:01:14
1639472474538665000,64.2,1,64.2,5,64.4,2,2,2021-12-14 09:01:14
1639472474566191000,64.4,1,64.2,5,64.5,21,1,2021-12-14 09:01:14
1639472474668353000,64.2,2,64.2,3,64.5,23,2,2021-12-14 09:01:14
1639472474780172000,64.3,1,64.2,3,64.5,23,1,2021-12-14 09:01:14
1639472474870781000,64.4,2,64.3,5,64.5,22,1,2021-12-14 09:01:14
1639472474885663000,64.5,1,64.3,5,64.5,22,1,2021-12-14 09:01:14
1639472475001580000,64.4,2,64.3,5,64.5,20,2,2021-12-14 09:01:15
1639472475001580000,64.5,3,64.3,5,64.5,20,1,2021-12-14 09:01:15
1639472475061504000,64.3,1,64.3,5,64.5,20,2,2021-12-14 09:01:15
1639472475102482000,64.3,1,64.3,4,64.5,20,2,2021-12-14 09:01:15
1639472475133490000,64.3,1,64.3,3,64.5,20,2,2021-12-14 09:01:15
1639472475148445000,64.3,3,64.2,3,64.5,20,2,2021-12-14 09:01:15
1639472475280193000,64.3,3,64.2,14,64.5,19,1,2021-12-14 09:01:15
1639472475287970000,64.2,2,64.2,12,64.5,19,2,2021-12-14 09:01:15
1639472475315677000,64.5,4,64.2,12,64.5,15,1,2021-12-14 09:01:15
1639472475376452000,64.5,1,64.3,10,64.5,20,1,2021-12-14 09:01:15
1639472475388753000,64.3,1,64.3,9,64.5,20,2,2021-12-14 09:01:15
1639472475395578000,64.4,2,64.3,9,64.4,1,1,2021-12-14 09:01:15
1639472475426128000,64.4,2,64.3,9,64.5,21,1,2021-12-14 09:01:15
1639472475429025000,64.5,1,64.3,9,64.5,20,1,2021-12-14 09:01:15
1639472475456653000,64.3,1,64.3,29,64.5,20,2,2021-12-14 09:01:15
1639472475487311000,64.3,5,64.3,27,64.5,20,2,2021-12-14 09:01:15
1639472475504172000,64.4,1,64.3,27,64.5,1,1,2021-12-14 09:01:15
1639472475504172000,64.5,19,64.3,27,64.5,1,1,2021-12-14 09:01:15
1639472475593933000,64.4,3,64.3,27,64.5,1,2,2021-12-14 09:01:15
1639472475593933000,64.5,2,64.3,27,64.5,1,1,2021-12-14 09:01:15
1639472475732904000,64.5,1,64.3,33,64.6,69,1,2021-12-14 09:01:15
1639472475759049000,64.3,1,64.3,32,64.6,69,2,2021-12-14 09:01:15
1639472475881431000,64.5,1,64.5,5,64.6,69,1,2021-12-14 09:01:15
1639472475908422000,64.5,1,64.5,4,64.6,69,2,2021-12-14 09:01:15
1639472475980521000,64.5,2,64.5,2,64.6,70,2,2021-12-14 09:01:15
1639472476081633000,64.5,1,64.5,1,64.6,69,2,2021-12-14 09:01:16
1639472476104172000,64.5,1,64.3,22,64.6,69,2,2021-12-14 09:01:16
1639472476104172000,64.3,3,64.3,22,64.6,69,2,2021-12-14 09:01:16
1639472476144937000,64.3,1,64.3,21,64.6,69,2,2021-12-14 09:01:16
1639472476178133000,64.6,5,64.3,21,64.6,63,1,2021-12-14 09:01:16
1639472476282110000,64.5,1,64.5,1,64.6,63,2,2021-12-14 09:01:16
1639472476349850000,64.5,1,64.3,34,64.6,64,2,2021-12-14 09:01:16
1639472476351345000,64.3,4,64.3,30,64.6,64,2,2021-12-14 09:01:16
1639472476367366000,64.3,1,64.3,29,64.6,64,2,2021-12-14 09:01:16
1639472476455891000,64.5,1,64.3,24,64.5,2,1,2021-12-14 09:01:16
1639472476535455000,64.3,1,64.3,26,64.5,5,2,2021-12-14 09:01:16
1639472476594942000,64.4,1,64.4,5,64.5,5,1,2021-12-14 09:01:16
1639472476625980000,64.4,2,64.4,3,64.5,5,2,2021-12-14 09:01:16
1639472476650859000,64.5,1,64.4,3,64.5,4,1,2021-12-14 09:01:16
1639472476654254000,64.5,4,64.4,3,64.6,83,1,2021-12-14 09:01:16
1639472476662524000,64.4,1,64.4,2,64.6,83,2,2021-12-14 09:01:16
1639472476745155000,64.4,1,64.4,2,64.6,83,2,2021-12-14 09:01:16
1639472476880070000,64.5,1,64.4,5,64.6,83,1,2021-12-14 09:01:16
1639472476916322000,64.5,1,64.4,5,64.6,83,2,2021-12-14 09:01:16
1639472476965326000,64.4,1,64.4,4,64.6,83,2,2021-12-14 09:01:16
1639472477068968000,64.6,1,64.4,4,64.6,82,1,2021-12-14 09:01:17
1639472477131504000,64.4,1,64.4,3,64.6,82,2,2021-12-14 09:01:17
1639472477178942000,64.5,15,64.4,3,64.5,1,1,2021-12-14 09:01:17
1639472477212376000,64.5,1,64.4,6,64.6,82,1,2021-12-14 09:01:17
1639472477236170000,64.4,3,64.4,3,64.6,82,2,2021-12-14 09:01:17
1639472477350457000,64.4,3,64.3,38,64.5,1,2,2021-12-14 09:01:17
1639472477419868000,64.5,1,64.3,43,64.6,73,1,2021-12-14 09:01:17
1639472477419868000,64.6,9,64.3,43,64.6,73,1,2021-12-14 09:01:17
1639472477492332000,64.5,1,64.3,37,64.6,74,2,2021-12-14 09:01:17
1639472477492332000,64.3,1,64.3,37,64.6,74,2,2021-12-14 09:01:17
1639472477558531000,64.6,52,64.4,3,64.6,3,1,2021-12-14 09:01:17
1639472477576044000,64.4,1,64.4,2,64.6,3,2,2021-12-14 09:01:17
1639472477593841000,64.5,1,64.4,2,64.6,1,1,2021-12-14 09:01:17
1639472477593841000,64.6,2,64.4,2,64.6,1,1,2021-12-14 09:01:17
1639472477627552000,64.4,5,64.3,41,64.7,35,2,2021-12-14 09:01:17
1639472477627552000,64.3,5,64.3,41,64.7,35,2,2021-12-14 09:01:17
1639472477671248000,64.4,1,64.3,2,64.7,35,1,2021-12-14 09:01:17
1639472477671248000,64.3,39,64.3,2,64.7,35,2,2021-12-14 09:01:17
1639472477760400000,64.4,5,64.3,4,64.5,2,1,2021-12-14 09:01:17
1639472477760400000,64.3,2,64.3,4,64.5,2,2,2021-12-14 09:01:17
1639472477895204000,64.4,1,64.3,6,64.5,2,1,2021-12-14 09:01:17
1639472477895204000,64.5,4,64.3,6,64.5,2,1,2021-12-14 09:01:17
1639472477954728000,64.3,1,64.3,7,64.6,15,2,2021-12-14 09:01:17
1639472478082465000,64.3,2,64.3,5,64.4,1,2,2021-12-14 09:01:18
1639472478188938000,64.4,1,64.3,5,64.6,15,1,2021-12-14 09:01:18
1639472478214262000,64.3,1,64.3,4,64.6,15,2,2021-12-14 09:01:18
1639472478300059000,64.3,1,64.3,5,64.6,18,2,2021-12-14 09:01:18
1639472478307695000,64.6,1,64.3,5,64.6,17,1,2021-12-14 09:01:18
1639472478400352000,64.6,2,64.3,8,64.6,12,1,2021-12-14 09:01:18
1639472478501742000,64.3,1,64.3,7,64.6,12,2,2021-12-14 09:01:18
1639472478503751000,64.6,1,64.3,7,64.6,11,1,2021-12-14 09:01:18
1639472478557884000,64.3,1,64.3,6,64.5,1,2,2021-12-14 09:01:18
1639472478610186000,64.4,1,64.3,6,64.6,8,1,2021-12-14 09:01:18
1639472478610186000,64.5,1,64.3,6,64.6,8,1,2021-12-14 09:01:18
1639472478610186000,64.6,3,64.3,6,64.6,8,1,2021-12-14 09:01:18
1639472478671377000,64.3,1,64.3,5,64.6,11,2,2021-12-14 09:01:18
1639472478674301000,64.3,1,64.3,4,64.6,13,2,2021-12-14 09:01:18
1639472478745849000,64.3,1,64.2,78,64.6,16,2,2021-12-14 09:01:18
1639472478749395000,64.6,3,64.2,78,64.6,13,1,2021-12-14 09:01:18
1639472478959443000,64.5,1,64.3,19,64.5,3,2,2021-12-14 09:01:18
1639472478977904000,64.5,1,64.3,19,64.5,2,1,2021-12-14 09:01:18
1639472479017175000,64.5,2,64.3,19,64.6,13,1,2021-12-14 09:01:19
1639472479164015000,64.3,3,64.3,18,64.6,13,2,2021-12-14 09:01:19
1639472479166672000,64.3,1,64.3,17,64.6,13,2,2021-12-14 09:01:19
1639472479230175000,64.4,1,64.3,25,64.6,16,1,2021-12-14 09:01:19
1639472479230436000,64.4,2,64.3,25,64.6,16,1,2021-12-14 09:01:19
1639472479304585000,64.3,1,64.3,27,64.5,1,2,2021-12-14 09:01:19
1639472479344480000,64.5,1,64.3,23,64.5,3,1,2021-12-14 09:01:19
1639472479376809000,64.3,1,64.3,22,64.5,4,2,2021-12-14 09:01:19
1639472479419804000,64.5,1,64.3,22,64.6,13,1,2021-12-14 09:01:19
1639472479819170000,64.3,2,64.3,22,64.4,1,2,2021-12-14 09:01:19
1639472479853505000,64.4,1,64.3,22,64.5,9,1,2021-12-14 09:01:19
1639472479948352000,64.4,1,64.4,9,64.5,9,2,2021-12-14 09:01:19
1639472479992985000,64.5,9,64.4,23,64.6,19,1,2021-12-14 09:01:19
1639472480080098000,64.4,3,64.4,23,64.5,1,2,2021-12-14 09:01:20
1639472480089245000,64.4,2,64.4,21,64.5,1,2,2021-12-14 09:01:20
1639472480294802000,64.5,1,64.5,1,64.6,19,1,2021-12-14 09:01:20
1639472480300995000,64.5,1,64.4,19,64.6,19,2,2021-12-14 09:01:20
1639472480336199000,64.4,1,64.4,18,64.6,19,2,2021-12-14 09:01:20
1639472480535058000,64.4,1,64.4,33,64.5,10,2,2021-12-14 09:01:20
1639472480568329000,64.5,10,64.4,35,64.6,20,1,2021-12-14 09:01:20
1639472480830312000,64.4,1,64.4,39,64.5,1,2,2021-12-14 09:01:20
1639472480854609000,64.4,1,64.4,38,64.5,1,2,2021-12-14 09:01:20
1639472480925802000,64.5,1,64.5,2,64.6,22,1,2021-12-14 09:01:20
1639472480972538000,64.5,1,64.5,2,64.6,22,2,2021-12-14 09:01:20
1639472480994624000,64.6,22,64.5,2,64.7,38,1,2021-12-14 09:01:20
1639472481089496000,64.5,1,64.5,5,64.7,33,2,2021-12-14 09:01:21
1639472481095205000,64.5,1,64.5,4,64.7,33,2,2021-12-14 09:01:21
1639472481101576000,64.5,4,64.4,38,64.5,1,2,2021-12-14 09:01:21
1639472481106647000,64.5,1,64.4,38,64.7,32,1,2021-12-14 09:01:21
1639472481106647000,64.7,1,64.4,38,64.7,32,1,2021-12-14 09:01:21
1639472481175996000,64.5,1,64.4,38,64.7,35,2,2021-12-14 09:01:21
1639472481210680000,64.5,10,64.4,36,64.7,35,1,2021-12-14 09:01:21
1639472481257919000,64.4,1,64.4,35,64.6,1,2,2021-12-14 09:01:21
1639472481259592000,64.4,4,64.4,31,64.6,1,2,2021-12-14 09:01:21
1639472481265147000,64.4,1,64.4,30,64.6,1,2,2021-12-14 09:01:21
1639472481281181000,64.4,2,64.4,28,64.6,2,2,2021-12-14 09:01:21
1639472481348946000,64.5,2,64.4,28,64.7,32,1,2021-12-14 09:01:21
1639472481348946000,64.6,3,64.4,28,64.7,32,1,2021-12-14 09:01:21
1639472481458782000,64.5,1,64.4,28,64.7,34,2,2021-12-14 09:01:21
1639472481554752000,64.4,2,64.4,26,64.7,34,2,2021-12-14 09:01:21
1639472481917323000,64.5,1,64.5,4,64.7,35,1,2021-12-14 09:01:21
1639472481937287000,64.5,1,64.5,3,64.7,35,2,2021-12-14 09:01:21
1639472481942779000,64.5,3,64.4,23,64.7,35,2,2021-12-14 09:01:21
1639472481942779000,64.4,3,64.4,23,64.7,35,2,2021-12-14 09:01:21
1639472482005517000,64.4,1,64.4,22,64.6,2,2,2021-12-14 09:01:22
1639472482337159000,64.5,2,64.4,24,64.5,7,1,2021-12-14 09:01:22
1639472482362637000,64.5,2,64.4,24,64.5,5,1,2021-12-14 09:01:22
1639472482366161000,64.5,5,64.4,24,64.6,2,1,2021-12-14 09:01:22
1639472482468776000,64.5,1,64.4,25,64.5,12,1,2021-12-14 09:01:22
1639472482691230000,64.5,2,64.4,30,64.5,11,1,2021-12-14 09:01:22
1639472482744131000,64.5,2,64.4,30,64.5,9,1,2021-12-14 09:01:22
1639472482746631000,64.5,1,64.4,30,64.5,8,1,2021-12-14 09:01:22
1639472483218520000,64.4,31,64.2,51,64.5,8,2,2021-12-14 09:01:23
1639472483218520000,64.3,69,64.2,51,64.5,8,2,2021-12-14 09:01:23
1639472483218520000,64.2,50,64.2,51,64.5,8,2,2021-12-14 09:01:23
1639472483223144000,64.5,1,64.2,51,64.5,7,1,2021-12-14 09:01:23
1639472483276749000,64.4,2,64.2,51,64.4,7,2,2021-12-14 09:01:23
1639472483283819000,64.4,1,64.2,51,64.4,6,1,2021-12-14 09:01:23
1639472483332702000,64.4,5,64.3,1,64.4,6,1,2021-12-14 09:01:23
1639472483355034000,64.4,6,64.3,1,64.4,4,1,2021-12-14 09:01:23
1639472483416452000,64.3,1,64.2,36,64.4,4,2,2021-12-14 09:01:23
1639472483440457000,64.4,4,64.4,1,64.5,11,1,2021-12-14 09:01:23
1639472483513091000,64.5,5,64.4,1,64.5,6,1,2021-12-14 09:01:23
1639472483754845000,64.5,2,64.4,6,64.5,7,1,2021-12-14 09:01:23
1639472483823915000,64.5,1,64.4,6,64.5,7,1,2021-12-14 09:01:23
1639472483849174000,64.5,7,64.5,3,64.6,2,1,2021-12-14 09:01:23
1639472484369970000,64.5,1,64.5,12,64.6,11,2,2021-12-14 09:01:24
1639472484529223000,64.5,1,64.5,11,64.6,23,2,2021-12-14 09:01:24
1639472484549662000,64.5,1,64.5,10,64.6,23,2,2021-12-14 09:01:24
1639472484585607000,64.5,1,64.5,14,64.6,23,2,2021-12-14 09:01:24
1639472484713558000,64.5,10,64.5,4,64.6,24,2,2021-12-14 09:01:24
1639472484783417000,64.5,1,64.5,3,64.6,24,2,2021-12-14 09:01:24
1639472484840723000,64.5,1,64.5,2,64.6,24,2,2021-12-14 09:01:24
1639472484850967000,64.5,1,64.5,1,64.6,24,2,2021-12-14 09:01:24
1639472484892056000,64.5,2,64.4,13,64.5,28,2,2021-12-14 09:01:24
1639472484954883000,64.4,1,64.4,12,64.5,29,2,2021-12-14 09:01:24
1639472485047181000,64.4,1,64.4,11,64.5,29,2,2021-12-14 09:01:25
1639472485132836000,64.5,29,64.4,11,64.6,23,1,2021-12-14 09:01:25
1639472485132836000,64.6,1,64.4,11,64.6,23,1,2021-12-14 09:01:25
1639472485380874000,64.5,1,64.4,18,64.6,22,2,2021-12-14 09:01:25
1639472485626127000,64.5,5,64.5,15,64.6,22,2,2021-12-14 09:01:25
1639472485647332000,64.5,1,64.5,14,64.6,22,2,2021-12-14 09:01:25
1639472485793101000,64.6,5,64.5,14,64.6,17,1,2021-12-14 09:01:25
1639472485909685000,64.5,1,64.5,13,64.6,17,2,2021-12-14 09:01:25
1639472486056829000,64.6,16,64.5,25,64.7,33,1,2021-12-14 09:01:26
1639472486090932000,64.5,1,64.5,27,64.7,33,2,2021-12-14 09:01:26
1639472486125447000,64.5,1,64.5,26,64.7,33,2,2021-12-14 09:01:26
1639472486198375000,64.5,1,64.5,25,64.7,33,2,2021-12-14 09:01:26
1639472486228819000,64.5,1,64.5,24,64.7,31,2,2021-12-14 09:01:26
1639472486637272000,64.5,2,64.5,29,64.6,2,2,2021-12-14 09:01:26
1639472486642210000,64.5,1,64.5,28,64.6,2,2,2021-12-14 09:01:26
1639472486848517000,64.6,3,64.5,28,64.7,14,1,2021-12-14 09:01:26
1639472486848517000,64.7,17,64.5,28,64.7,14,1,2021-12-14 09:01:26
1639472486939189000,64.5,3,64.5,26,64.7,14,2,2021-12-14 09:01:26
1639472486973658000,64.5,1,64.5,25,64.7,14,2,2021-12-14 09:01:26
1639472487199366000,64.7,5,64.5,29,64.7,9,1,2021-12-14 09:01:27
1639472487212277000,64.5,1,64.5,28,64.7,11,2,2021-12-14 09:01:27
1639472487263096000,64.5,1,64.5,27,64.7,11,2,2021-12-14 09:01:27
1639472487393813000,64.6,1,64.5,29,64.6,8,1,2021-12-14 09:01:27
1639472487464877000,64.5,2,64.5,28,64.6,9,2,2021-12-14 09:01:27
1639472487491314000,64.6,9,64.5,29,64.7,9,1,2021-12-14 09:01:27
1639472487583446000,64.6,1,64.6,1,64.7,11,2,2021-12-14 09:01:27
1639472487773757000,64.6,1,64.5,27,64.7,12,2,2021-12-14 09:01:27
1639472487816201000,64.5,25,64.5,5,64.7,11,2,2021-12-14 09:01:27
1639472487820376000,64.5,2,64.5,3,64.7,11,2,2021-12-14 09:01:27
1639472487929080000,64.4,2,64.4,57,64.6,2,2,2021-12-14 09:01:27
1639472488074300000,64.6,2,64.5,2,64.7,12,1,2021-12-14 09:01:28
1639472488176881000,64.5,1,64.5,4,64.7,11,2,2021-12-14 09:01:28
1639472488209818000,64.5,4,64.4,46,64.7,11,2,2021-12-14 09:01:28
1639472488209818000,64.4,11,64.4,46,64.7,11,2,2021-12-14 09:01:28
1639472488251002000,64.5,3,64.6,16,64.7,23,1,2021-12-14 09:01:28
1639472488251002000,64.6,1,64.6,16,64.7,23,1,2021-12-14 09:01:28
1639472488474180000,64.6,2,64.6,14,64.7,13,2,2021-12-14 09:01:28
1639472488667386000,64.6,1,64.6,26,64.7,13,2,2021-12-14 09:01:28
1639472488700811000,64.7,2,64.6,26,64.7,11,1,2021-12-14 09:01:28
1639472488755819000,64.7,5,64.6,26,64.7,6,1,2021-12-14 09:01:28
1639472489041388000,64.6,1,64.6,12,64.7,5,2,2021-12-14 09:01:29
1639472489138460000,64.6,1,64.6,11,64.7,5,2,2021-12-14 09:01:29
1639472489178199000,64.6,5,64.6,6,64.7,5,2,2021-12-14 09:01:29
1639472489298704000,64.6,1,64.6,7,64.7,15,2,2021-12-14 09:01:29
1639472489322856000,64.6,1,64.6,6,64.7,15,2,2021-12-14 09:01:29
1639472489337694000,64.6,1,64.6,5,64.7,16,2,2021-12-14 09:01:29
1639472489468053000,64.7,10,64.6,5,64.7,6,1,2021-12-14 09:01:29
1639472489488817000,64.6,1,64.6,4,64.7,6,2,2021-12-14 09:01:29
1639472489602788000,64.7,2,64.6,4,64.7,3,1,2021-12-14 09:01:29
1639472489914278000,64.7,3,64.6,6,64.8,28,1,2021-12-14 09:01:29
1639472489964093000,64.8,5,64.6,9,64.8,23,1,2021-12-14 09:01:29
1639472490048995000,64.8,2,64.6,10,64.8,21,1,2021-12-14 09:01:30
1639472490226239000,64.6,3,64.6,7,64.8,22,2,2021-12-14 09:01:30
1639472490231679000,64.8,8,64.6,7,64.8,14,1,2021-12-14 09:01:30
1639472490253597000,64.6,1,64.6,6,64.8,14,2,2021-12-14 09:01:30
1639472490588180000,64.6,1,64.6,5,64.8,14,2,2021-12-14 09:01:30
1639472490609561000,64.6,1,64.6,4,64.8,14,2,2021-12-14 09:01:30
1639472490655292000,64.6,2,64.6,3,64.8,14,2,2021-12-14 09:01:30
1639472490716607000,64.8,1,64.6,4,64.8,13,1,2021-12-14 09:01:30
1639472490898063000,64.6,1,64.6,12,64.8,13,2,2021-12-14 09:01:30
1639472490918140000,64.6,2,64.6,10,64.8,13,2,2021-12-14 09:01:30
1639472491000435000,64.7,2,64.6,14,64.8,13,1,2021-12-14 09:01:31
1639472491068956000,64.6,2,64.6,14,64.8,13,2,2021-12-14 09:01:31
1639472491204760000,64.7,1,64.7,4,64.8,13,1,2021-12-14 09:01:31
1639472491318543000,64.7,2,64.7,2,64.8,13,2,2021-12-14 09:01:31
1639472491351027000,64.7,1,64.7,1,64.8,13,2,2021-12-14 09:01:31
1639472491353466000,64.8,1,64.7,1,64.8,12,1,2021-12-14 09:01:31
1639472491378609000,64.7,1,64.6,14,64.7,1,2,2021-12-14 09:01:31
1639472491614741000,64.6,1,64.6,34,64.7,1,2,2021-12-14 09:01:31
1639472491626940000,64.7,1,64.6,34,64.8,12,1,2021-12-14 09:01:31
1639472491778255000,64.6,10,64.6,24,64.8,12,2,2021-12-14 09:01:31
1639472492149584000,64.6,1,64.6,78,64.8,12,2,2021-12-14 09:01:32
1639472492311673000,64.7,2,64.6,80,64.8,14,1,2021-12-14 09:01:32
1639472492392741000,64.6,1,64.6,79,64.8,15,2,2021-12-14 09:01:32
1639472492416596000,64.6,1,64.6,78,64.8,15,2,2021-12-14 09:01:32
1639472492799975000,64.8,2,64.6,80,64.8,27,1,2021-12-14 09:01:32
1639472492920629000,64.6,1,64.6,79,64.8,27,2,2021-12-14 09:01:32
1639472493110408000,64.8,3,64.6,79,64.8,24,1,2021-12-14 09:01:33
1639472493121840000,64.6,1,64.6,78,64.8,24,2,2021-12-14 09:01:33
1639472493200205000,64.6,1,64.6,77,64.8,28,2,2021-12-14 09:01:33
1639472493232689000,64.6,2,64.6,75,64.8,28,2,2021-12-14 09:01:33
1639472493336991000,64.8,1,64.6,75,64.8,27,1,2021-12-14 09:01:33
1639472493433229000,64.7,10,64.7,10,64.8,27,2,2021-12-14 09:01:33
1639472493500974000,64.8,1,64.7,10,64.8,27,1,2021-12-14 09:01:33
1639472493513484000,64.7,3,64.7,7,64.8,27,2,2021-12-14 09:01:33
1639472493526450000,64.7,7,64.6,75,64.8,30,2,2021-12-14 09:01:33
1639472493669534000,64.6,10,64.6,68,64.7,2,2,2021-12-14 09:01:33
1639472493680366000,64.6,1,64.6,67,64.7,2,2,2021-12-14 09:01:33
1639472493722116000,64.6,1,64.6,66,64.7,3,2,2021-12-14 09:01:33
1639472493993032000,64.7,1,64.6,67,64.7,6,1,2021-12-14 09:01:33
1639472494018705000,64.6,10,64.6,57,64.7,6,2,2021-12-14 09:01:34
1639472494182379000,64.7,7,64.6,57,64.8,36,1,2021-12-14 09:01:34
1639472494182379000,64.8,3,64.6,57,64.8,36,1,2021-12-14 09:01:34
1639472494186250000,64.6,10,64.6,47,64.8,36,2,2021-12-14 09:01:34
1639472494376265000,64.6,10,64.6,40,64.7,2,2,2021-12-14 09:01:34
1639472494653448000,64.7,1,64.6,42,64.7,3,1,2021-12-14 09:01:34
1639472494665820000,64.6,10,64.6,32,64.7,3,2,2021-12-14 09:01:34
1639472494696270000,64.6,1,64.6,32,64.7,5,2,2021-12-14 09:01:34
1639472494782775000,64.7,3,64.6,31,64.7,3,1,2021-12-14 09:01:34
1639472494961603000,64.7,2,64.6,33,64.8,34,1,2021-12-14 09:01:34
1639472494961603000,64.8,8,64.6,33,64.8,34,1,2021-12-14 09:01:34
1639472495142586000,64.8,1,64.6,36,64.8,33,1,2021-12-14 09:01:35
1639472495335242000,64.8,3,64.7,1,64.8,30,1,2021-12-14 09:01:35
1639472495399995000,64.7,1,64.6,42,64.8,30,2,2021-12-14 09:01:35
1639472495639424000,64.6,3,64.6,41,64.7,2,2,2021-12-14 09:01:35
1639472495768124000,64.7,1,64.6,42,64.7,1,1,2021-12-14 09:01:35
1639472495782339000,64.6,3,64.6,40,64.7,1,2,2021-12-14 09:01:35
1639472495819226000,64.7,2,64.7,5,64.8,32,1,2021-12-14 09:01:35
1639472495884641000,64.7,1,64.7,4,64.8,35,2,2021-12-14 09:01:35
1639472495917665000,64.7,1,64.7,3,64.8,35,2,2021-12-14 09:01:35
1639472496106750000,64.8,1,64.7,3,64.8,34,1,2021-12-14 09:01:36
1639472496354882000,64.7,3,64.6,31,64.8,35,2,2021-12-14 09:01:36
1639472496354882000,64.6,17,64.6,31,64.8,35,2,2021-12-14 09:01:36
1639472496366430000,64.6,2,64.6,29,64.8,35,2,2021-12-14 09:01:36
1639472496397547000,64.6,5,64.6,23,64.7,2,2,2021-12-14 09:01:36
1639472496442342000,64.7,1,64.6,23,64.7,3,1,2021-12-14 09:01:36
1639472496539367000,64.6,2,64.6,21,64.7,4,2,2021-12-14 09:01:36
1639472496609978000,64.7,1,64.6,23,64.7,3,1,2021-12-14 09:01:36
1639472496815580000,64.6,1,64.6,23,64.7,3,2,2021-12-14 09:01:36
1639472496819147000,64.6,1,64.6,22,64.7,3,2,2021-12-14 09:01:36
1639472497076896000,64.7,1,64.6,22,64.7,2,1,2021-12-14 09:01:37
1639472497094871000,64.7,2,64.6,22,64.8,44,1,2021-12-14 09:01:37
1639472497094871000,64.8,3,64.6,22,64.8,44,1,2021-12-14 09:01:37
1639472497144223000,64.8,3,64.7,10,64.8,41,1,2021-12-14 09:01:37
1639472497147731000,64.7,1,64.7,9,64.8,41,2,2021-12-14 09:01:37
1639472497608090000,64.7,2,64.7,12,64.8,28,2,2021-12-14 09:01:37
1639472497974819000,64.7,1,64.7,12,64.8,28,2,2021-12-14 09:01:37
1639472498027561000,64.7,1,64.7,11,64.8,28,2,2021-12-14 09:01:38
1639472498231087000,64.7,1,64.7,12,64.8,28,2,2021-12-14 09:01:38
1639472498469705000,64.7,1,64.7,31,64.8,28,2,2021-12-14 09:01:38
1639472498471295000,64.7,3,64.7,28,64.8,28,2,2021-12-14 09:01:38
1639472498565417000,64.7,1,64.7,27,64.8,28,2,2021-12-14 09:01:38
1639472498684205000,64.7,1,64.7,26,64.8,28,2,2021-12-14 09:01:38
1639472498970196000,64.7,2,64.7,30,64.8,28,2,2021-12-14 09:01:38
1639472499020986000,64.8,3,64.7,30,64.8,25,1,2021-12-14 09:01:39
1639472499251584000,64.7,1,64.7,31,64.8,25,2,2021-12-14 09:01:39
1639472499367138000,64.8,25,64.8,25,64.9,37,1,2021-12-14 09:01:39
1639472499432964000,64.8,1,64.8,24,64.9,37,2,2021-12-14 09:01:39
1639472499467794000,64.8,2,64.8,22,64.9,35,2,2021-12-14 09:01:39
1639472499540766000,64.8,1,64.8,21,64.9,35,2,2021-12-14 09:01:39
1639472499550301000,64.9,2,64.8,21,64.9,33,1,2021-12-14 09:01:39
1639472499589280000,64.8,1,64.8,20,64.9,33,2,2021-12-14 09:01:39
1639472499681758000,64.9,2,64.8,20,64.9,31,1,2021-12-14 09:01:39
1639472499902676000,64.8,1,64.8,21,64.9,31,2,2021-12-14 09:01:39
1639472499933099000,64.8,10,64.8,11,64.9,31,2,2021-12-14 09:01:39
1639472499934349000,64.8,1,64.8,10,64.9,31,2,2021-12-14 09:01:39
1639472499959037000,64.8,3,64.8,7,64.9,31,2,2021-12-14 09:01:39
1639472500289240000,64.9,1,64.8,7,64.9,30,1,2021-12-14 09:01:40
1639472500380971000,64.8,1,64.8,6,64.9,30,2,2021-12-14 09:01:40
1639472500381820000,64.8,6,64.7,42,64.9,30,2,2021-12-14 09:01:40
1639472500671600000,64.7,1,64.7,41,64.9,30,2,2021-12-14 09:01:40
1639472500867450000,64.9,1,64.7,41,64.9,29,1,2021-12-14 09:01:40
1639472501167622000,64.9,1,64.7,42,64.9,28,1,2021-12-14 09:01:41
1639472501193122000,64.9,1,64.7,42,64.9,27,1,2021-12-14 09:01:41
1639472501343953000,64.8,6,64.7,47,64.8,4,2,2021-12-14 09:01:41
1639472501498948000,64.7,2,64.7,46,64.8,14,2,2021-12-14 09:01:41
1639472501529166000,64.8,1,64.7,46,64.8,13,1,2021-12-14 09:01:41
1639472501571832000,64.7,1,64.7,46,64.8,13,2,2021-12-14 09:01:41
1639472501719437000,64.8,1,64.7,47,64.8,12,1,2021-12-14 09:01:41
1639472502364627000,64.8,1,64.7,53,64.8,69,1,2021-12-14 09:01:42
1639472502507897000,64.7,14,64.7,39,64.8,69,2,2021-12-14 09:01:42
1639472502543462000,64.7,1,64.7,38,64.8,69,2,2021-12-14 09:01:42
1639472502544313000,64.7,1,64.7,35,64.8,69,2,2021-12-14 09:01:42
1639472502544554000,64.7,1,64.7,35,64.8,69,2,2021-12-14 09:01:42
1639472502544771000,64.7,1,64.7,35,64.8,69,2,2021-12-14 09:01:42
1639472502875699000,64.8,1,64.7,37,64.8,69,1,2021-12-14 09:01:42
1639472503005043000,64.7,1,64.7,36,64.8,69,2,2021-12-14 09:01:43
1639472503007261000,64.8,5,64.7,36,64.8,64,1,2021-12-14 09:01:43
1639472503113426000,64.8,2,64.7,37,64.8,62,1,2021-12-14 09:01:43
1639472503176434000,64.8,1,64.7,38,64.8,63,1,2021-12-14 09:01:43
1639472503299683000,64.8,1,64.7,38,64.8,63,1,2021-12-14 09:01:43
1639472503380704000,64.8,2,64.7,38,64.8,61,1,2021-12-14 09:01:43
1639472503557060000,64.8,10,64.7,41,64.8,88,1,2021-12-14 09:01:43
1639472503606387000,64.8,5,64.7,42,64.8,83,1,2021-12-14 09:01:43
1639472503808589000,64.8,1,64.7,42,64.8,82,1,2021-12-14 09:01:43
1639472503882444000,64.8,1,64.7,43,64.8,81,1,2021-12-14 09:01:43
1639472503883789000,64.8,10,64.7,43,64.8,71,1,2021-12-14 09:01:43
1639472504290634000,64.8,5,64.7,43,64.8,67,1,2021-12-14 09:01:44
1639472504342287000,64.8,1,64.7,44,64.8,66,1,2021-12-14 09:01:44
1639472504388162000,64.8,2,64.7,44,64.8,65,1,2021-12-14 09:01:44
1639472504492607000,64.8,1,64.7,44,64.8,68,1,2021-12-14 09:01:44
1639472504514915000,64.8,52,64.7,44,64.8,16,1,2021-12-14 09:01:44
1639472504545555000,64.8,1,64.7,44,64.8,15,1,2021-12-14 09:01:44
1639472504552863000,64.8,1,64.7,44,64.8,14,1,2021-12-14 09:01:44
1639472504668968000,64.8,5,64.7,45,64.8,16,1,2021-12-14 09:01:44
1639472504766760000,64.8,1,64.7,45,64.8,12,1,2021-12-14 09:01:44
1639472504879391000,64.7,3,64.7,42,64.8,14,2,2021-12-14 09:01:44
1639472505077652000,64.8,1,64.7,42,64.8,14,1,2021-12-14 09:01:45
1639472505134035000,64.8,10,64.7,42,64.8,4,1,2021-12-14 09:01:45
1639472505254073000,64.8,1,64.7,43,64.8,3,1,2021-12-14 09:01:45
1639472505334777000,64.7,2,64.7,41,64.8,5,2,2021-12-14 09:01:45
1639472505340835000,64.8,5,64.7,41,64.9,43,1,2021-12-14 09:01:45
1639472505553857000,64.8,1,64.7,40,64.9,43,2,2021-12-14 09:01:45
1639472505560356000,64.7,1,64.7,39,64.9,42,2,2021-12-14 09:01:45
1639472505736609000,64.8,1,64.7,44,64.9,42,1,2021-12-14 09:01:45
1639472505747869000,64.7,4,64.7,40,64.9,42,2,2021-12-14 09:01:45
1639472505839587000,64.8,1,64.7,41,64.9,42,1,2021-12-14 09:01:45
1639472505909639000,64.7,3,64.7,38,64.9,42,2,2021-12-14 09:01:45
1639472505949947000,64.9,2,64.7,38,64.9,40,1,2021-12-14 09:01:45
