ts,close,volume,bid_price,bid_volume,ask_price,ask_volume,tick_type,datetime
1639472416705872000,20.35,10973,20.35,10,20.4,355,1,2021-12-14 09:00:16
1639472416752707000,20.35,10,20.3,60,20.4,355,2,2021-12-14 09:00:16
1639472416818579000,20.4,88,20.35,24,20.4,267,1,2021-12-14 09:00:16
1639472416845024000,20.4,30,20.35,24,20.4,237,1,2021-12-14 09:00:16
1639472416862370000,20.35,24,20.3,34,20.4,237,2,2021-12-14 09:00:16
1639472416862370000,20.3,26,20.3,34,20.4,237,2,2021-12-14 09:00:16
1639472416917272000,20.4,1,20.3,34,20.4,236,1,2021-12-14 09:00:16
1639472416987265000,20.4,2,20.3,34,20.4,234,1,2021-12-14 09:00:16
1639472417025256000,20.3,1,20.3,33,20.4,234,2,2021-12-14 09:00:17
1639472417093806000,20.3,10,20.3,23,20.4,234,2,2021-12-14 09:00:17
1639472417128538000,20.3,23,20.25,19,20.4,234,2,2021-12-14 09:00:17
1639472417173881000,20.4,5,20.25,19,20.4,229,1,2021-12-14 09:00:17
1639472417542864000,20.4,3,20.25,19,20.4,226,1,2021-12-14 09:00:17
1639472417696524000,20.4,2,20.25,19,20.4,274,1,2021-12-14 09:00:17
1639472417830311000,20.4,1,20.25,19,20.4,273,1,2021-12-14 09:00:17
1639472418054361000,20.4,23,20.25,19,20.4,250,1,2021-12-14 09:00:18
1639472418223384000,20.4,1,20.25,19,20.4,249,1,2021-12-14 09:00:18
1639472418719047000,20.4,2,20.25,19,20.4,247,1,2021-12-14 09:00:18
1639472418858596000,20.4,5,20.25,19,20.4,242,1,2021-12-14 09:00:18
1639472418862487000,20.4,1,20.25,19,20.4,241,1,2021-12-14 09:00:18
1639472418906301000,20.4,1,20.25,19,20.4,240,1,2021-12-14 09:00:18
1639472419270406000,20.4,4,20.25,19,20.4,238,1,2021-12-14 09:00:19
1639472419612110000,20.4,4,20.25,19,20.4,234,1,2021-12-14 09:00:19
1639472419791479000,20.25,4,20.25,15,20.4,234,2,2021-12-14 09:00:19
1639472421034459000,20.4,2,20.25,15,20.4,232,1,2021-12-14 09:00:21
1639472421130429000,20.3,23,20.25,15,20.4,232,2,2021-12-14 09:00:21
1639472421237070000,20.4,5,20.25,16,20.4,227,1,2021-12-14 09:00:21
1639472421290967000,20.4,1,20.25,16,20.4,226,1,2021-12-14 09:00:21
1639472421368571000,20.4,1,20.25,16,20.4,225,1,2021-12-14 09:00:21
1639472421468173000,20.4,5,20.25,16,20.4,220,1,2021-12-14 09:00:21
1639472421472053000,20.4,3,20.25,16,20.4,217,1,2021-12-14 09:00:21
1639472421634882000,20.4,2,20.25,16,20.4,215,1,2021-12-14 09:00:21
1639472422266747000,20.35,100,20.3,10,20.4,215,2,2021-12-14 09:00:22
1639472422633442000,20.4,1,20.3,10,20.4,214,1,2021-12-14 09:00:22
1639472422666494000,20.4,214,20.3,10,20.4,1,1,2021-12-14 09:00:22
1639472423041515000,20.4,1,20.3,10,20.45,2770,1,2021-12-14 09:00:23
1639472423041515000,20.45,4,20.3,10,20.45,2770,1,2021-12-14 09:00:23
1639472423839547000,20.45,1,20.4,1,20.45,2770,1,2021-12-14 09:00:23
1639472424035266000,20.4,1,20.3,10,20.45,2770,2,2021-12-14 09:00:24
1639472424046035000,20.45,2,20.3,10,20.45,2768,1,2021-12-14 09:00:24
1639472424263886000,20.45,1,20.4,1,20.45,2767,1,2021-12-14 09:00:24
1639472424465803000,20.45,35,20.4,1,20.45,2732,1,2021-12-14 09:00:24
1639472425166125000,20.4,1,20.4,8,20.45,2732,2,2021-12-14 09:00:25
1639472425245208000,20.45,2,20.4,8,20.45,2730,1,2021-12-14 09:00:25
1639472425302279000,20.45,2,20.4,8,20.45,2728,1,2021-12-14 09:00:25
1639472425313641000,20.4,7,20.4,1,20.45,2721,2,2021-12-14 09:00:25
1639472425346275000,20.4,1,20.25,19,20.3,29,2,2021-12-14 09:00:25
1639472425346275000,20.3,10,20.25,19,20.3,29,2,2021-12-14 09:00:25
1639472425367763000,20.3,1,20.25,19,20.3,28,1,2021-12-14 09:00:25
1639472425416584000,20.3,1,20.25,19,20.3,7,1,2021-12-14 09:00:25
1639472425416960000,20.3,20,20.25,19,20.3,7,1,2021-12-14 09:00:25
1639472425454939000,20.3,7,20.25,19,20.45,2721,1,2021-12-14 09:00:25
1639472425792758000,20.4,1,20.25,15,20.45,2771,1,2021-12-14 09:00:25
1639472425792758000,20.25,4,20.25,15,20.45,2771,2,2021-12-14 09:00:25
1639472425865935000,20.45,1,20.25,15,20.45,2770,1,2021-12-14 09:00:25
1639472426016351000,20.45,1,20.25,15,20.45,2768,1,2021-12-14 09:00:26
1639472426235773000,20.45,5,20.25,15,20.45,2763,1,2021-12-14 09:00:26
1639472426365045000,20.45,2,20.25,15,20.45,2761,1,2021-12-14 09:00:26
1639472426765210000,20.4,3,20.25,15,20.45,2849,2,2021-12-14 09:00:26
1639472426765210000,20.45,12,20.25,15,20.45,2849,1,2021-12-14 09:00:26
1639472427393998000,20.35,1,20.25,17,20.45,2849,2,2021-12-14 09:00:27
1639472427393998000,20.25,1,20.25,17,20.45,2849,2,2021-12-14 09:00:27
1639472427853676000,20.45,2,20.3,1,20.45,2847,1,2021-12-14 09:00:27
1639472427905881000,20.3,1,20.25,13,20.45,2847,2,2021-12-14 09:00:27
1639472427905881000,20.25,4,20.25,13,20.45,2847,2,2021-12-14 09:00:27
1639472427916433000,20.25,2,20.25,11,20.45,2847,2,2021-12-14 09:00:27
1639472427997991000,20.45,5,20.25,11,20.45,2842,1,2021-12-14 09:00:27
1639472428145584000,20.45,10,20.4,1,20.45,2832,1,2021-12-14 09:00:28
1639472428182209000,20.4,1,20.25,7,20.45,2832,2,2021-12-14 09:00:28
1639472428182209000,20.25,4,20.25,7,20.45,2832,2,2021-12-14 09:00:28
1639472428256762000,20.25,7,20.2,32,20.45,2832,2,2021-12-14 09:00:28
1639472428256762000,20.2,3,20.2,32,20.45,2832,2,2021-12-14 09:00:28
1639472428297770000,20.45,1,20.2,32,20.45,2831,1,2021-12-14 09:00:28
1639472428363577000,20.2,4,20.2,28,20.45,2831,2,2021-12-14 09:00:28
1639472428613936000,20.35,1,20.2,26,20.45,2832,1,2021-12-14 09:00:28
1639472428613936000,20.2,2,20.2,26,20.45,2832,2,2021-12-14 09:00:28
1639472428731570000,20.45,2,20.2,26,20.45,2830,1,2021-12-14 09:00:28
1639472428827573000,20.45,2,20.2,26,20.45,2829,1,2021-12-14 09:00:28
1639472428915194000,20.45,1,20.2,26,20.45,2828,1,2021-12-14 09:00:28
1639472429153294000,20.4,1,20.2,26,20.4,29,2,2021-12-14 09:00:29
1639472429434549000,20.4,27,20.3,1,20.4,52,1,2021-12-14 09:00:29
1639472429451582000,20.4,1,20.3,1,20.4,51,1,2021-12-14 09:00:29
1639472429998191000,20.4,1,20.35,1,20.4,52,1,2021-12-14 09:00:29
1639472430050097000,20.4,1,20.35,1,20.4,51,1,2021-12-14 09:00:30
1639472430190681000,20.4,1,20.35,1,20.4,50,1,2021-12-14 09:00:30
1639472430280346000,20.4,2,20.35,1,20.4,48,1,2021-12-14 09:00:30
1639472430372114000,20.4,1,20.35,1,20.4,47,1,2021-12-14 09:00:30
1639472430633471000,20.35,2,20.25,3,20.4,47,2,2021-12-14 09:00:30
1639472430633471000,20.3,1,20.25,3,20.4,47,2,2021-12-14 09:00:30
1639472430633471000,20.25,2,20.25,3,20.4,47,2,2021-12-14 09:00:30
1639472430639592000,20.4,1,20.25,3,20.4,46,1,2021-12-14 09:00:30
1639472430705857000,20.4,2,20.25,4,20.4,44,1,2021-12-14 09:00:30
1639472431086894000,20.3,1,20.25,5,20.4,43,2,2021-12-14 09:00:31
1639472431086894000,20.4,4,20.25,5,20.4,43,1,2021-12-14 09:00:31
1639472431185912000,20.25,1,20.25,4,20.4,45,2,2021-12-14 09:00:31
1639472431386484000,20.4,1,20.25,4,20.4,45,1,2021-12-14 09:00:31
1639472431494439000,20.25,1,20.25,3,20.4,45,2,2021-12-14 09:00:31
1639472431587805000,20.4,1,20.25,5,20.4,44,1,2021-12-14 09:00:31
1639472431839254000,20.25,1,20.25,4,20.4,44,2,2021-12-14 09:00:31
1639472431885858000,20.4,1,20.25,4,20.4,43,1,2021-12-14 09:00:31
1639472431920584000,20.4,2,20.25,4,20.4,41,1,2021-12-14 09:00:31
1639472432055540000,20.35,1,20.25,4,20.4,41,2,2021-12-14 09:00:32
1639472432067314000,20.4,1,20.25,4,20.4,40,1,2021-12-14 09:00:32
1639472432153636000,20.25,1,20.25,3,20.4,40,2,2021-12-14 09:00:32
1639472432206101000,20.4,1,20.25,3,20.4,39,1,2021-12-14 09:00:32
1639472432464760000,20.3,3,20.25,1,20.35,1,2,2021-12-14 09:00:32
1639472432464760000,20.25,2,20.25,1,20.35,1,2,2021-12-14 09:00:32
1639472432470023000,20.35,1,20.25,1,20.4,51,1,2021-12-14 09:00:32
1639472432470023000,20.4,1,20.25,1,20.4,51,1,2021-12-14 09:00:32
1639472432845256000,20.35,2,20.3,5,20.4,51,2,2021-12-14 09:00:32
1639472432845256000,20.4,1,20.3,5,20.4,51,1,2021-12-14 09:00:32
1639472432997499000,20.3,5,20.2,28,20.25,4,2,2021-12-14 09:00:32
1639472432997499000,20.25,1,20.2,28,20.25,4,2,2021-12-14 09:00:32
1639472433018328000,20.25,3,20.2,28,20.25,1,1,2021-12-14 09:00:33
1639472433127006000,20.25,1,20.2,28,20.4,51,1,2021-12-14 09:00:33
1639472433223707000,20.4,3,20.2,28,20.4,48,1,2021-12-14 09:00:33
1639472433723459000,20.4,1,20.2,29,20.4,50,1,2021-12-14 09:00:33
1639472433746067000,20.25,2,20.2,29,20.4,50,2,2021-12-14 09:00:33
1639472433763631000,20.4,1,20.2,29,20.4,49,1,2021-12-14 09:00:33
1639472433842820000,20.4,1,20.2,29,20.4,48,1,2021-12-14 09:00:33
1639472433942340000,20.4,1,20.25,1,20.4,49,1,2021-12-14 09:00:33
1639472434024413000,20.25,1,20.2,28,20.4,49,2,2021-12-14 09:00:34
1639472434024413000,20.2,1,20.2,28,20.4,49,2,2021-12-14 09:00:34
1639472434303940000,20.35,1,20.2,28,20.35,4,1,2021-12-14 09:00:34
1639472434304065000,20.2,3,20.2,25,20.35,4,2,2021-12-14 09:00:34
1639472434307406000,20.35,4,20.2,25,20.4,43,1,2021-12-14 09:00:34
1639472434307406000,20.4,6,20.2,25,20.4,43,1,2021-12-14 09:00:34
1639472434333207000,20.2,1,20.2,24,20.35,5,2,2021-12-14 09:00:34
1639472434360168000,20.35,1,20.2,24,20.35,4,1,2021-12-14 09:00:34
1639472434403539000,20.35,1,20.2,24,20.35,3,1,2021-12-14 09:00:34
1639472434527843000,20.35,1,20.2,24,20.35,2,1,2021-12-14 09:00:34
1639472434541132000,20.35,1,20.2,24,20.35,1,1,2021-12-14 09:00:34
1639472434651945000,20.35,1,20.2,26,20.4,34,1,2021-12-14 09:00:34
1639472434651945000,20.4,9,20.2,26,20.4,34,1,2021-12-14 09:00:34
1639472434917479000,20.25,1,20.2,26,20.35,100,2,2021-12-14 09:00:34
1639472434918648000,20.35,2,20.2,26,20.35,98,1,2021-12-14 09:00:34
1639472434939393000,20.35,1,20.2,26,20.35,97,1,2021-12-14 09:00:34
1639472435423263000,20.25,1,20.2,26,20.3,1,2,2021-12-14 09:00:35
1639472435649593000,20.3,1,20.2,27,20.35,97,1,2021-12-14 09:00:35
1639472435788168000,20.35,2,20.2,28,20.35,95,1,2021-12-14 09:00:35
1639472435961663000,20.2,1,20.2,27,20.25,1,2,2021-12-14 09:00:35
1639472436086152000,20.25,1,20.2,27,20.35,94,1,2021-12-14 09:00:36
1639472436086152000,20.35,1,20.2,27,20.35,94,1,2021-12-14 09:00:36
1639472436107710000,20.35,1,20.2,27,20.35,93,1,2021-12-14 09:00:36
1639472436223587000,20.35,1,20.2,27,20.35,92,1,2021-12-14 09:00:36
1639472436280315000,20.35,5,20.2,27,20.35,87,1,2021-12-14 09:00:36
1639472436335386000,20.2,1,20.2,26,20.35,87,2,2021-12-14 09:00:36
1639472436450140000,20.2,1,20.2,25,20.35,87,2,2021-12-14 09:00:36
1639472436574879000,20.3,1,20.2,26,20.3,2,1,2021-12-14 09:00:36
1639472436660142000,20.2,2,20.2,24,20.3,2,2,2021-12-14 09:00:36
1639472436791352000,20.2,1,20.2,25,20.3,2,2,2021-12-14 09:00:36
1639472437048378000,20.3,2,20.2,25,20.35,85,1,2021-12-14 09:00:37
1639472437048378000,20.35,2,20.2,25,20.35,85,1,2021-12-14 09:00:37
1639472437100729000,20.35,5,20.2,25,20.35,80,1,2021-12-14 09:00:37
1639472437199172000,20.35,1,20.25,1,20.35,79,1,2021-12-14 09:00:37
1639472437201118000,20.35,1,20.25,1,20.35,78,1,2021-12-14 09:00:37
1639472437468277000,20.35,2,20.25,2,20.35,81,1,2021-12-14 09:00:37
1639472437493436000,20.25,1,20.25,1,20.35,81,2,2021-12-14 09:00:37
1639472437687122000,20.35,10,20.25,3,20.35,171,1,2021-12-14 09:00:37
1639472437811415000,20.25,3,20.2,25,20.25,7,2,2021-12-14 09:00:37
1639472438079084000,20.25,7,20.25,5,20.35,171,1,2021-12-14 09:00:38
1639472438164453000,20.25,2,20.25,3,20.35,171,2,2021-12-14 09:00:38
1639472438212211000,20.35,10,20.25,3,20.35,161,1,2021-12-14 09:00:38
1639472438696657000,20.25,1,20.25,2,20.35,162,2,2021-12-14 09:00:38
1639472438782493000,20.3,1,20.25,3,20.35,162,1,2021-12-14 09:00:38
1639472438804700000,20.25,3,20.2,21,20.35,162,2,2021-12-14 09:00:38
1639472438804700000,20.2,7,20.2,21,20.35,162,2,2021-12-14 09:00:38
1639472438882803000,20.2,1,20.2,20,20.35,162,2,2021-12-14 09:00:38
1639472438906042000,20.35,4,20.2,20,20.35,158,1,2021-12-14 09:00:38
1639472438926408000,20.2,1,20.2,19,20.35,158,2,2021-12-14 09:00:38
1639472439051300000,20.35,1,20.2,19,20.35,157,1,2021-12-14 09:00:39
1639472439132249000,20.2,8,20.2,11,20.35,157,2,2021-12-14 09:00:39
1639472439146194000,20.2,1,20.2,10,20.35,157,2,2021-12-14 09:00:39
1639472439231760000,20.2,2,20.2,8,20.35,157,2,2021-12-14 09:00:39
1639472439232672000,20.35,1,20.2,8,20.35,156,1,2021-12-14 09:00:39
1639472439403808000,20.35,1,20.25,4,20.35,158,1,2021-12-14 09:00:39
1639472439470684000,20.35,1,20.25,4,20.35,157,1,2021-12-14 09:00:39
1639472440378018000,20.3,1,20.2,25,20.35,171,2,2021-12-14 09:00:40
1639472440378018000,20.25,4,20.2,25,20.35,171,2,2021-12-14 09:00:40
1639472440378018000,20.2,1,20.2,25,20.35,171,2,2021-12-14 09:00:40
1639472440659322000,20.3,1,20.3,1,20.35,171,1,2021-12-14 09:00:40
1639472440717416000,20.35,1,20.3,1,20.35,170,1,2021-12-14 09:00:40
1639472440762503000,20.3,1,20.2,25,20.3,9,2,2021-12-14 09:00:40
1639472440850358000,20.3,1,20.2,25,20.3,8,1,2021-12-14 09:00:40
1639472440966200000,20.3,2,20.2,25,20.3,6,1,2021-12-14 09:00:40
1639472441012702000,20.3,1,20.2,25,20.3,5,1,2021-12-14 09:00:41
1639472441083963000,20.3,1,20.2,25,20.3,4,1,2021-12-14 09:00:41
1639472441093397000,20.2,1,20.2,24,20.3,4,2,2021-12-14 09:00:41
1639472441111316000,20.2,1,20.2,23,20.3,4,2,2021-12-14 09:00:41
1639472441341853000,20.3,3,20.2,23,20.3,1,1,2021-12-14 09:00:41
1639472442134246000,20.25,1,20.2,30,20.25,4,2,2021-12-14 09:00:42
1639472442267221000,20.2,3,20.2,27,20.25,4,2,2021-12-14 09:00:42
1639472442306087000,20.2,10,20.2,17,20.25,4,2,2021-12-14 09:00:42
1639472442328150000,20.2,1,20.2,16,20.25,4,2,2021-12-14 09:00:42
1639472442353189000,20.2,10,20.2,6,20.25,4,2,2021-12-14 09:00:42
1639472442529605000,20.25,1,20.2,6,20.25,3,1,2021-12-14 09:00:42
1639472442555465000,20.25,3,20.2,6,20.3,5,1,2021-12-14 09:00:42
1639472442555465000,20.3,7,20.2,6,20.3,5,1,2021-12-14 09:00:42
1639472442634017000,20.3,1,20.25,10,20.3,4,1,2021-12-14 09:00:42
1639472442793249000,20.3,1,20.25,10,20.3,3,1,2021-12-14 09:00:42
1639472442797590000,20.25,1,20.25,9,20.3,3,2,2021-12-14 09:00:42
1639472442802093000,20.3,3,20.25,9,20.35,186,1,2021-12-14 09:00:42
1639472443015347000,20.3,1,20.3,19,20.35,186,2,2021-12-14 09:00:43
1639472443062390000,20.3,1,20.3,18,20.35,186,2,2021-12-14 09:00:43
1639472443132274000,20.35,1,20.3,18,20.35,185,1,2021-12-14 09:00:43
1639472443138445000,20.3,1,20.3,17,20.35,185,2,2021-12-14 09:00:43
1639472443190467000,20.3,5,20.3,13,20.35,185,2,2021-12-14 09:00:43
1639472443372281000,20.3,13,20.25,2,20.35,185,2,2021-12-14 09:00:43
1639472443372281000,20.25,7,20.25,2,20.35,185,2,2021-12-14 09:00:43
1639472443506742000,20.25,3,20.25,10,20.35,185,2,2021-12-14 09:00:43
1639472443614083000,20.3,1,20.25,7,20.35,185,1,2021-12-14 09:00:43
1639472443614083000,20.25,3,20.25,7,20.35,185,2,2021-12-14 09:00:43
1639472443659405000,20.25,1,20.25,6,20.35,185,2,2021-12-14 09:00:43
1639472443896867000,20.3,2,20.25,6,20.3,3,1,2021-12-14 09:00:43
1639472443929649000,20.25,6,20.2,5,20.3,3,2,2021-12-14 09:00:43
1639472443929649000,20.2,4,20.2,5,20.3,3,2,2021-12-14 09:00:43
1639472444093619000,20.3,2,20.2,5,20.3,1,1,2021-12-14 09:00:44
1639472444166497000,20.2,1,20.2,4,20.3,1,2,2021-12-14 09:00:44
1639472444306901000,20.2,1,20.2,3,20.3,1,2,2021-12-14 09:00:44
1639472444340997000,20.2,1,20.2,2,20.3,1,2,2021-12-14 09:00:44
1639472444435528000,20.25,2,20.2,2,20.3,1,1,2021-12-14 09:00:44
1639472444464958000,20.3,1,20.2,2,20.35,185,1,2021-12-14 09:00:44
1639472444491474000,20.2,1,20.2,1,20.35,185,2,2021-12-14 09:00:44
1639472444538468000,20.35,1,20.2,1,20.35,184,1,2021-12-14 09:00:44
1639472444704793000,20.2,2,20.1,15,20.35,189,2,2021-12-14 09:00:44
1639472444857476000,20.3,1,20.25,3,20.3,11,1,2021-12-14 09:00:44
1639472444864483000,20.25,1,20.25,2,20.3,11,2,2021-12-14 09:00:44
1639472444879783000,20.25,2,20.2,3,20.3,11,2,2021-12-14 09:00:44
1639472444879783000,20.2,3,20.2,3,20.3,11,2,2021-12-14 09:00:44
1639472445063771000,20.3,5,20.2,3,20.3,6,1,2021-12-14 09:00:45
1639472445382584000,20.3,3,20.25,21,20.3,3,1,2021-12-14 09:00:45
1639472445427872000,20.25,10,20.25,11,20.3,3,2,2021-12-14 09:00:45
1639472445449862000,20.3,1,20.25,11,20.3,2,1,2021-12-14 09:00:45
1639472445598917000,20.25,1,20.25,10,20.3,2,2,2021-12-14 09:00:45
1639472445645393000,20.25,10,20.2,3,20.3,2,2,2021-12-14 09:00:45
1639472445926620000,20.3,1,20.25,4,20.3,7,1,2021-12-14 09:00:45
1639472446031886000,20.25,2,20.25,2,20.3,9,2,2021-12-14 09:00:46
1639472446130655000,20.25,2,20.05,3,20.3,9,2,2021-12-14 09:00:46
1639472446130655000,20.2,3,20.05,3,20.3,9,2,2021-12-14 09:00:46
1639472446130655000,20.1,15,20.05,3,20.3,9,2,2021-12-14 09:00:46
1639472446130655000,20.05,5,20.05,3,20.3,9,2,2021-12-14 09:00:46
1639472446225734000,20.3,1,20.05,3,20.3,8,1,2021-12-14 09:00:46
1639472446235408000,20.3,2,20.05,3,20.3,6,1,2021-12-14 09:00:46
1639472446313646000,20.3,1,20.05,3,20.3,5,1,2021-12-14 09:00:46
1639472446391317000,20.25,1,20.25,5,20.3,5,2,2021-12-14 09:00:46
1639472446418742000,20.3,1,20.25,5,20.3,6,1,2021-12-14 09:00:46
1639472446532838000,20.25,1,20.25,4,20.3,8,2,2021-12-14 09:00:46
1639472446623494000,20.25,4,20.2,2,20.3,8,2,2021-12-14 09:00:46
1639472446623494000,20.2,1,20.2,2,20.3,8,2,2021-12-14 09:00:46
1639472446680821000,20.3,1,20.2,2,20.3,8,1,2021-12-14 09:00:46
1639472446889966000,20.25,5,20.05,3,20.2,3,2,2021-12-14 09:00:46
1639472446889966000,20.2,2,20.05,3,20.2,3,2,2021-12-14 09:00:46
1639472446900141000,20.2,3,20.05,3,20.3,6,1,2021-12-14 09:00:46
1639472446900141000,20.3,7,20.05,3,20.3,6,1,2021-12-14 09:00:46
1639472447337640000,20.25,1,20.2,7,20.3,11,2,2021-12-14 09:00:47
1639472447392574000,20.3,3,20.2,8,20.3,18,1,2021-12-14 09:00:47
1639472447499301000,20.2,1,20.2,7,20.3,18,2,2021-12-14 09:00:47
1639472447708185000,20.2,3,20.2,4,20.3,20,2,2021-12-14 09:00:47
1639472447717694000,20.2,4,20.0,1171,20.3,20,2,2021-12-14 09:00:47
1639472447717694000,20.05,3,20.0,1171,20.3,20,2,2021-12-14 09:00:47
1639472447872190000,20.0,5,20.0,1166,20.2,1,2,2021-12-14 09:00:47
1639472447892334000,20.2,1,20.2,4,20.3,20,1,2021-12-14 09:00:47
1639472447956830000,20.3,3,20.2,4,20.3,17,1,2021-12-14 09:00:47
1639472448178540000,20.25,1,20.25,1,20.3,17,2,2021-12-14 09:00:48
1639472448361205000,20.25,1,20.2,12,20.3,17,2,2021-12-14 09:00:48
1639472448477983000,20.3,10,20.2,12,20.3,7,1,2021-12-14 09:00:48
1639472448532679000,20.2,1,20.2,12,20.3,9,2,2021-12-14 09:00:48
1639472448562383000,20.2,1,20.2,11,20.3,9,2,2021-12-14 09:00:48
1639472449077126000,20.2,1,20.2,11,20.25,2,2,2021-12-14 09:00:49
1639472449128220000,20.2,2,20.2,10,20.25,2,2,2021-12-14 09:00:49
1639472449338310000,20.25,2,20.2,10,20.25,1,1,2021-12-14 09:00:49
1639472449390544000,20.2,1,20.2,9,20.25,1,2,2021-12-14 09:00:49
1639472449461921000,20.25,1,20.2,9,20.3,22,1,2021-12-14 09:00:49
1639472449492957000,20.3,5,20.2,9,20.3,17,1,2021-12-14 09:00:49
1639472449498860000,20.3,1,20.2,9,20.3,16,1,2021-12-14 09:00:49
1639472449500024000,20.3,5,20.2,9,20.3,11,1,2021-12-14 09:00:49
1639472449523444000,20.2,1,20.2,8,20.3,11,2,2021-12-14 09:00:49
1639472449616115000,20.3,1,20.2,8,20.3,22,1,2021-12-14 09:00:49
1639472449728612000,20.2,8,20.0,1156,20.25,1,2,2021-12-14 09:00:49
1639472449728612000,20.0,7,20.0,1156,20.25,1,2,2021-12-14 09:00:49
1639472449854727000,20.25,1,20.0,1156,20.3,23,1,2021-12-14 09:00:49
1639472449884129000,20.3,1,20.0,1156,20.3,22,1,2021-12-14 09:00:49
1639472450096042000,20.0,1,20.0,1155,20.3,23,2,2021-12-14 09:00:50
1639472450242709000,20.3,10,20.0,1155,20.3,18,1,2021-12-14 09:00:50
1639472450262834000,20.0,2,20.0,1153,20.3,18,2,2021-12-14 09:00:50
1639472450318177000,20.3,6,20.05,32,20.3,12,1,2021-12-14 09:00:50
1639472450408213000,20.05,1,20.05,31,20.3,12,2,2021-12-14 09:00:50
1639472450589397000,20.3,1,20.05,31,20.3,13,1,2021-12-14 09:00:50
1639472450721013000,20.2,1,20.05,31,20.3,13,2,2021-12-14 09:00:50
1639472450746376000,20.3,1,20.05,31,20.3,12,1,2021-12-14 09:00:50
1639472450951959000,20.25,1,20.05,27,20.3,12,2,2021-12-14 09:00:50
1639472450951959000,20.05,4,20.05,27,20.3,12,2,2021-12-14 09:00:50
1639472451037275000,20.25,4,20.05,26,20.3,13,1,2021-12-14 09:00:51
1639472451037275000,20.05,1,20.05,26,20.3,13,2,2021-12-14 09:00:51
1639472451145686000,20.2,2,20.05,22,20.3,14,1,2021-12-14 09:00:51
1639472451145686000,20.05,4,20.05,22,20.3,14,2,2021-12-14 09:00:51
1639472451197055000,20.2,2,20.05,22,20.2,1,1,2021-12-14 09:00:51
1639472451386779000,20.05,5,20.05,17,20.2,1,2,2021-12-14 09:00:51
1639472451446977000,20.05,2,20.05,15,20.2,4,2,2021-12-14 09:00:51
1639472451618204000,20.2,2,20.1,1,20.2,3,1,2021-12-14 09:00:51
1639472451819523000,20.2,1,20.1,1,20.2,2,1,2021-12-14 09:00:51
1639472451924436000,20.2,2,20.1,1,20.3,16,1,2021-12-14 09:00:51
1639472452084124000,20.1,1,20.0,1148,20.3,16,2,2021-12-14 09:00:52
1639472452084124000,20.05,15,20.0,1148,20.3,16,2,2021-12-14 09:00:52
1639472452084124000,20.0,9,20.0,1148,20.3,16,2,2021-12-14 09:00:52
1639472452152713000,20.3,1,20.0,1148,20.3,15,1,2021-12-14 09:00:52
1639472452448021000,20.3,1,20.05,1,20.3,14,1,2021-12-14 09:00:52
1639472452545701000,20.2,1,20.2,6,20.3,17,2,2021-12-14 09:00:52
1639472452838648000,20.25,1,20.2,4,20.3,17,1,2021-12-14 09:00:52
1639472452838648000,20.2,3,20.2,4,20.3,17,2,2021-12-14 09:00:52
1639472452909314000,20.2,2,20.2,3,20.3,17,2,2021-12-14 09:00:52
1639472453249787000,20.25,1,20.2,4,20.25,1,1,2021-12-14 09:00:53
1639472453326362000,20.25,1,20.25,1,20.3,18,1,2021-12-14 09:00:53
1639472453398857000,20.25,1,20.05,5,20.2,1,2,2021-12-14 09:00:53
1639472453398857000,20.2,4,20.05,5,20.2,1,2,2021-12-14 09:00:53
1639472453410904000,20.2,1,20.05,5,20.3,18,1,2021-12-14 09:00:53
1639472453471338000,20.3,1,20.05,5,20.3,17,1,2021-12-14 09:00:53
1639472453868467000,20.2,1,20.05,6,20.3,15,2,2021-12-14 09:00:53
1639472453868467000,20.25,1,20.05,6,20.3,15,1,2021-12-14 09:00:53
1639472453868467000,20.3,3,20.05,6,20.3,15,1,2021-12-14 09:00:53
1639472453936051000,20.2,1,20.05,6,20.3,15,2,2021-12-14 09:00:53
1639472453969088000,20.05,1,20.05,5,20.3,15,2,2021-12-14 09:00:53
1639472454056147000,20.05,1,20.05,4,20.3,15,2,2021-12-14 09:00:54
1639472454338285000,20.2,5,20.0,1055,20.3,15,1,2021-12-14 09:00:54
1639472454338285000,20.05,4,20.0,1055,20.3,15,2,2021-12-14 09:00:54
1639472454338285000,20.0,93,20.0,1055,20.3,15,2,2021-12-14 09:00:54
1639472454463784000,20.0,15,20.0,1040,20.25,5,2,2021-12-14 09:00:54
1639472454604009000,20.0,3,20.0,1037,20.25,5,2,2021-12-14 09:00:54
1639472454639350000,20.25,2,20.0,1037,20.25,3,1,2021-12-14 09:00:54
1639472454663155000,20.0,10,20.0,1027,20.25,3,2,2021-12-14 09:00:54
1639472454725579000,20.25,1,20.0,1028,20.25,2,1,2021-12-14 09:00:54
1639472454927145000,20.0,5,20.0,1023,20.25,2,2,2021-12-14 09:00:54
1639472454937633000,20.0,1,20.0,1022,20.25,2,2,2021-12-14 09:00:54
1639472454962113000,20.2,1,20.0,1022,20.2,19,1,2021-12-14 09:00:54
1639472455103450000,20.0,499,20.0,523,20.2,19,2,2021-12-14 09:00:55
1639472455104565000,20.2,1,20.0,523,20.2,18,1,2021-12-14 09:00:55
1639472455436594000,20.05,1,20.0,524,20.2,22,2,2021-12-14 09:00:55
1639472455661054000,20.2,10,20.05,4,20.2,13,1,2021-12-14 09:00:55
1639472455888803000,20.1,3,20.05,4,20.2,11,2,2021-12-14 09:00:55
1639472455888803000,20.2,2,20.05,4,20.2,11,1,2021-12-14 09:00:55
1639472455964998000,20.2,1,20.05,4,20.2,10,1,2021-12-14 09:00:55
1639472456023988000,20.05,4,20.0,519,20.2,11,2,2021-12-14 09:00:56
1639472456023988000,20.0,6,20.0,519,20.2,11,2,2021-12-14 09:00:56
1639472456157644000,20.0,15,20.0,504,20.2,11,2,2021-12-14 09:00:56
1639472456196005000,20.2,1,20.0,504,20.2,10,1,2021-12-14 09:00:56
1639472456541180000,20.2,1,20.05,1,20.2,9,1,2021-12-14 09:00:56
1639472456579999000,20.2,1,20.05,1,20.2,8,1,2021-12-14 09:00:56
1639472456629786000,20.05,1,20.0,501,20.2,13,2,2021-12-14 09:00:56
1639472456629786000,20.0,4,20.0,501,20.2,13,2,2021-12-14 09:00:56
1639472456805967000,20.2,2,20.0,501,20.2,11,1,2021-12-14 09:00:56
1639472456846045000,20.2,1,20.0,501,20.2,10,1,2021-12-14 09:00:56
1639472456861974000,20.2,5,20.0,501,20.2,5,1,2021-12-14 09:00:56
1639472457226600000,20.1,1,20.0,502,20.1,9,2,2021-12-14 09:00:57
1639472457426261000,20.1,9,20.05,1,20.2,4,1,2021-12-14 09:00:57
1639472457426261000,20.2,1,20.05,1,20.2,4,1,2021-12-14 09:00:57
1639472457441889000,20.05,1,20.0,502,20.2,4,2,2021-12-14 09:00:57
1639472457456486000,20.2,2,20.0,502,20.2,2,1,2021-12-14 09:00:57
1639472457552262000,20.2,1,20.0,502,20.2,1,1,2021-12-14 09:00:57
1639472457826140000,20.2,2,20.0,502,20.25,20,1,2021-12-14 09:00:57
1639472458059220000,20.0,1,20.0,501,20.25,40,2,2021-12-14 09:00:58
1639472458174909000,20.0,1,20.0,501,20.25,40,2,2021-12-14 09:00:58
1639472458330052000,20.25,1,20.0,501,20.25,39,1,2021-12-14 09:00:58
1639472458412363000,20.25,1,20.0,501,20.25,38,1,2021-12-14 09:00:58
1639472458710322000,20.2,1,20.0,496,20.25,38,2,2021-12-14 09:00:58
1639472458710322000,20.0,9,20.0,496,20.25,38,2,2021-12-14 09:00:58
1639472459144499000,20.05,1,20.05,4,20.2,6,1,2021-12-14 09:00:59
1639472459185850000,20.2,6,20.05,4,20.25,36,1,2021-12-14 09:00:59
1639472459185850000,20.25,2,20.05,4,20.25,36,1,2021-12-14 09:00:59
1639472459459423000,20.2,2,20.05,4,20.2,2,2,2021-12-14 09:00:59
1639472459601441000,20.2,1,20.05,4,20.2,1,1,2021-12-14 09:00:59
1639472459771249000,20.05,1,20.05,5,20.2,1,2,2021-12-14 09:00:59
1639472460005071000,20.05,1,20.05,4,20.2,3,2,2021-12-14 09:01:00
1639472460011703000,20.05,1,20.05,3,20.2,3,2,2021-12-14 09:01:00
1639472460013445000,20.2,1,20.05,3,20.2,2,1,2021-12-14 09:01:00
1639472460191334000,20.05,1,20.05,2,20.2,2,2,2021-12-14 09:01:00
1639472460203916000,20.05,1,20.05,1,20.2,2,2,2021-12-14 09:01:00
1639472460207422000,20.05,1,20.0,500,20.2,2,2,2021-12-14 09:01:00
1639472460207422000,20.0,14,20.0,500,20.2,2,2,2021-12-14 09:01:00
1639472460239274000,20.15,1,20.0,503,20.15,2,1,2021-12-14 09:01:00
1639472460327977000,20.0,10,20.0,493,20.15,2,2,2021-12-14 09:01:00
1639472460619868000,20.15,2,20.15,3,20.2,2,1,2021-12-14 09:01:00
1639472460707659000,20.2,1,20.15,3,20.2,2,1,2021-12-14 09:01:00
1639472460829872000,20.15,1,20.15,2,20.2,2,2,2021-12-14 09:01:00
1639472461079208000,20.15,2,20.0,495,20.2,5,2,2021-12-14 09:01:01
1639472461122157000,20.0,2,20.0,493,20.2,5,2,2021-12-14 09:01:01
1639472461141041000,20.0,10,20.0,483,20.2,5,2,2021-12-14 09:01:01
1639472461285759000,20.0,2,20.0,482,20.2,5,2,2021-12-14 09:01:01
1639472461641308000,20.2,1,20.05,1,20.2,10,1,2021-12-14 09:01:01
1639472461644410000,20.2,2,20.05,1,20.2,8,1,2021-12-14 09:01:01
1639472461688683000,20.05,1,20.0,470,20.2,8,2,2021-12-14 09:01:01
1639472461688683000,20.0,19,20.0,470,20.2,8,2,2021-12-14 09:01:01
1639472461956431000,20.2,2,20.0,470,20.2,6,1,2021-12-14 09:01:01
1639472461978726000,20.2,1,20.0,471,20.2,5,1,2021-12-14 09:01:01
1639472461990760000,20.0,2,20.0,469,20.2,5,2,2021-12-14 09:01:01
1639472461998401000,20.2,1,20.0,469,20.2,4,1,2021-12-14 09:01:01
1639472462199947000,20.1,1,20.0,440,20.2,5,2,2021-12-14 09:01:02
1639472462199947000,20.0,29,20.0,440,20.2,5,2,2021-12-14 09:01:02
1639472462404474000,20.2,8,20.05,1,20.25,1,1,2021-12-14 09:01:02
1639472462404474000,20.25,42,20.05,1,20.25,1,1,2021-12-14 09:01:02
1639472462523042000,20.25,1,20.05,1,20.3,81,1,2021-12-14 09:01:02
1639472462549439000,20.05,1,20.0,443,20.3,81,2,2021-12-14 09:01:02
1639472462707920000,20.1,1,20.0,436,20.25,1,1,2021-12-14 09:01:02
1639472462707920000,20.0,7,20.0,436,20.25,1,2,2021-12-14 09:01:02
1639472462735712000,20.0,1,20.0,435,20.25,1,2,2021-12-14 09:01:02
1639472462768735000,20.0,1,20.0,444,20.25,1,2,2021-12-14 09:01:02
1639472463091532000,20.05,1,20.0,437,20.2,1,1,2021-12-14 09:01:03
1639472463091532000,20.0,9,20.0,437,20.2,1,2,2021-12-14 09:01:03
1639472463152801000,20.2,1,20.0,444,20.25,1,1,2021-12-14 09:01:03
1639472463162400000,20.0,2,20.0,442,20.25,1,2,2021-12-14 09:01:03
1639472463164590000,20.0,1,20.0,441,20.25,1,2,2021-12-14 09:01:03
1639472463493556000,20.1,1,20.0,441,20.1,4,1,2021-12-14 09:01:03
1639472463740213000,20.0,25,20.0,417,20.1,4,2,2021-12-14 09:01:03
1639472463741599000,20.0,3,20.0,414,20.1,4,2,2021-12-14 09:01:03
1639472463744225000,20.0,1,20.0,413,20.1,4,2,2021-12-14 09:01:03
1639472463892485000,20.0,15,20.0,403,20.1,4,2,2021-12-14 09:01:03
1639472463961959000,20.1,1,20.0,403,20.1,3,1,2021-12-14 09:01:03
1639472463965453000,20.1,3,20.2,1,20.25,5,1,2021-12-14 09:01:03
1639472463965453000,20.15,1,20.2,1,20.25,5,1,2021-12-14 09:01:03
1639472463965453000,20.2,5,20.2,1,20.25,5,1,2021-12-14 09:01:03
1639472464145117000,20.2,1,20.0,403,20.05,1,2,2021-12-14 09:01:04
1639472464169627000,20.0,3,20.0,400,20.05,1,2,2021-12-14 09:01:04
1639472464171004000,20.0,1,20.0,399,20.05,1,2,2021-12-14 09:01:04
1639472464175112000,20.05,1,20.0,399,20.25,6,1,2021-12-14 09:01:04
1639472464334253000,20.2,1,20.05,1,20.2,3,1,2021-12-14 09:01:04
1639472464491674000,20.2,1,20.05,1,20.2,2,1,2021-12-14 09:01:04
1639472464783440000,20.05,1,20.0,400,20.1,2,2,2021-12-14 09:01:04
1639472465354170000,20.05,1,20.05,1,20.1,4,2,2021-12-14 09:01:05
1639472465471626000,20.1,1,20.05,1,20.1,3,1,2021-12-14 09:01:05
1639472465511932000,20.05,1,20.0,402,20.1,3,2,2021-12-14 09:01:05
1639472465550108000,20.0,2,20.0,400,20.1,3,2,2021-12-14 09:01:05
1639472465641248000,20.0,2,20.0,403,20.1,3,2,2021-12-14 09:01:05
1639472465675096000,20.1,1,20.0,403,20.1,2,1,2021-12-14 09:01:05
1639472465907899000,20.1,1,20.05,2,20.1,1,1,2021-12-14 09:01:05
1639472465933933000,20.1,1,20.05,2,20.15,1,1,2021-12-14 09:01:05
1639472466015430000,20.15,1,20.05,4,20.2,20,1,2021-12-14 09:01:06
1639472466015430000,20.2,3,20.05,4,20.2,20,1,2021-12-14 09:01:06
1639472466061343000,20.05,1,20.05,3,20.2,20,2,2021-12-14 09:01:06
1639472466077710000,20.05,3,20.0,405,20.05,1,2,2021-12-14 09:01:06
1639472466098706000,20.05,1,20.0,405,20.2,20,1,2021-12-14 09:01:06
1639472466146076000,20.2,10,20.0,407,20.2,13,1,2021-12-14 09:01:06
1639472466175838000,20.05,1,20.0,407,20.05,4,2,2021-12-14 09:01:06
1639472466199215000,20.05,4,20.0,407,20.2,13,1,2021-12-14 09:01:06
1639472466347041000,20.15,1,20.0,407,20.05,4,1,2021-12-14 09:01:06
1639472466354755000,20.0,4,20.0,403,20.05,4,2,2021-12-14 09:01:06
1639472466365878000,20.05,4,20.0,403,20.2,13,1,2021-12-14 09:01:06
1639472466733586000,20.0,20,20.0,386,20.2,18,2,2021-12-14 09:01:06
1639472467002387000,20.05,2,20.0,386,20.15,10,1,2021-12-14 09:01:07
1639472467193864000,20.1,1,20.1,1,20.15,10,1,2021-12-14 09:01:07
1639472467336983000,20.1,1,20.0,388,20.15,10,2,2021-12-14 09:01:07
1639472467336983000,20.05,7,20.0,388,20.15,10,2,2021-12-14 09:01:07
1639472467336983000,20.0,2,20.0,388,20.15,10,2,2021-12-14 09:01:07
1639472467508349000,20.15,1,20.05,3,20.15,9,1,2021-12-14 09:01:07
1639472467526738000,20.05,1,20.05,2,20.15,9,2,2021-12-14 09:01:07
1639472467548127000,20.05,2,19.95,5,20.0,109,2,2021-12-14 09:01:07
1639472467548127000,20.0,388,19.95,5,20.0,109,2,2021-12-14 09:01:07
1639472467572110000,20.0,20,19.95,5,20.0,89,1,2021-12-14 09:01:07
1639472467635691000,19.95,5,19.8,29,20.0,104,2,2021-12-14 09:01:07
1639472467635691000,19.9,5,19.8,29,20.0,104,2,2021-12-14 09:01:07
1639472467635691000,19.85,2,19.8,29,20.0,104,2,2021-12-14 09:01:07
1639472467635691000,19.8,18,19.8,29,20.0,104,2,2021-12-14 09:01:07
1639472467645416000,20.0,5,19.8,29,20.0,99,1,2021-12-14 09:01:07
1639472467710957000,20.0,10,19.8,29,20.0,89,1,2021-12-14 09:01:07
1639472467733387000,20.0,2,19.8,29,20.0,87,1,2021-12-14 09:01:07
1639472467738186000,19.8,1,19.8,28,20.0,87,2,2021-12-14 09:01:07
1639472467756166000,20.0,1,19.8,28,20.0,86,1,2021-12-14 09:01:07
1639472467799595000,20.0,1,19.8,28,20.0,86,1,2021-12-14 09:01:07
1639472467845155000,20.0,1,19.8,28,20.0,85,1,2021-12-14 09:01:07
1639472467932472000,19.8,1,19.8,27,20.0,85,2,2021-12-14 09:01:07
1639472467955398000,20.0,2,19.8,27,20.0,83,1,2021-12-14 09:01:07
1639472468160360000,20.0,1,19.8,27,20.0,82,1,2021-12-14 09:01:08
1639472468290728000,20.0,1,19.8,27,20.0,81,1,2021-12-14 09:01:08
1639472468386225000,19.8,10,19.8,17,20.0,81,2,2021-12-14 09:01:08
1639472468436085000,20.0,1,19.8,17,20.0,80,1,2021-12-14 09:01:08
1639472468437519000,20.0,1,19.8,17,20.0,79,1,2021-12-14 09:01:08
1639472468462841000,20.0,1,19.8,17,20.0,78,1,2021-12-14 09:01:08
1639472468495377000,20.0,1,19.8,17,20.0,77,1,2021-12-14 09:01:08
1639472468555027000,20.0,1,19.8,17,20.0,76,1,2021-12-14 09:01:08
1639472468618575000,20.0,3,19.8,17,20.0,74,1,2021-12-14 09:01:08
1639472468628153000,19.8,10,19.8,7,20.0,74,2,2021-12-14 09:01:08
1639472468701365000,20.0,1,19.8,7,20.0,73,1,2021-12-14 09:01:08
1639472468734960000,20.0,1,19.8,7,20.0,72,1,2021-12-14 09:01:08
1639472468800624000,20.0,3,19.8,7,20.0,69,1,2021-12-14 09:01:08
1639472468834176000,19.8,1,19.8,6,20.0,69,2,2021-12-14 09:01:08
1639472468846239000,20.0,1,19.8,6,20.0,68,1,2021-12-14 09:01:08
1639472468919850000,19.8,1,19.8,5,20.0,68,2,2021-12-14 09:01:08
1639472468984425000,19.8,1,19.8,4,20.0,68,2,2021-12-14 09:01:08
1639472469374450000,20.0,1,19.8,4,20.0,67,1,2021-12-14 09:01:09
1639472469408253000,19.8,1,19.8,3,20.0,67,2,2021-12-14 09:01:09
1639472469474702000,20.0,3,19.8,3,20.0,64,1,2021-12-14 09:01:09
1639472469494506000,19.8,1,19.8,2,20.0,64,2,2021-12-14 09:01:09
1639472469554243000,20.0,1,19.8,2,20.0,63,1,2021-12-14 09:01:09
1639472469567592000,20.0,1,19.8,2,20.0,62,1,2021-12-14 09:01:09
1639472469680641000,20.0,10,19.8,2,20.0,52,1,2021-12-14 09:01:09
1639472469681820000,20.0,1,19.8,2,20.0,51,1,2021-12-14 09:01:09
1639472469745890000,19.8,2,19.7,3,20.0,51,2,2021-12-14 09:01:09
1639472469745890000,19.75,1,19.7,3,20.0,51,2,2021-12-14 09:01:09
1639472469745890000,19.7,7,19.7,3,20.0,51,2,2021-12-14 09:01:09
1639472469920305000,19.7,3,19.6,49,19.9,21,2,2021-12-14 09:01:09
1639472469920305000,19.65,2,19.6,49,19.9,21,2,2021-12-14 09:01:09
1639472469969308000,19.9,1,19.6,49,19.9,20,1,2021-12-14 09:01:09
1639472470045750000,19.9,1,19.6,49,19.9,19,1,2021-12-14 09:01:10
1639472470082936000,19.9,1,19.6,49,19.9,18,1,2021-12-14 09:01:10
1639472470114018000,19.9,2,19.6,49,19.9,16,1,2021-12-14 09:01:10
1639472470406961000,19.9,1,19.65,34,19.9,15,1,2021-12-14 09:01:10
1639472470533650000,19.65,1,19.65,33,19.9,15,2,2021-12-14 09:01:10
1639472470646505000,19.65,1,19.65,32,19.9,15,2,2021-12-14 09:01:10
1639472470712665000,19.65,30,19.65,2,19.9,15,2,2021-12-14 09:01:10
1639472470862343000,19.9,1,19.65,2,19.9,14,1,2021-12-14 09:01:10
1639472470881391000,19.9,3,19.65,2,19.9,11,1,2021-12-14 09:01:10
1639472471062676000,19.65,2,19.6,49,19.9,11,2,2021-12-14 09:01:11
1639472471154170000,19.9,4,19.6,49,19.9,7,1,2021-12-14 09:01:11
1639472471247551000,19.9,1,19.6,49,19.9,6,1,2021-12-14 09:01:11
1639472471260398000,19.9,1,19.6,49,19.9,5,1,2021-12-14 09:01:11
1639472471368799000,19.9,2,19.6,49,19.9,3,1,2021-12-14 09:01:11
1639472471435991000,19.9,2,19.6,49,19.9,1,1,2021-12-14 09:01:11
1639472471586629000,19.9,1,19.6,49,20.0,55,1,2021-12-14 09:01:11
1639472471586629000,19.95,1,19.6,49,20.0,55,1,2021-12-14 09:01:11
1639472471907948000,19.95,1,19.6,49,19.95,9,1,2021-12-14 09:01:11
1639472471951365000,19.95,2,19.6,49,19.95,7,1,2021-12-14 09:01:11
1639472472054889000,19.95,1,19.8,2,19.95,6,1,2021-12-14 09:01:12
1639472472127273000,19.95,1,19.8,2,19.95,5,1,2021-12-14 09:01:12
1639472472170977000,19.95,1,19.8,2,19.95,4,1,2021-12-14 09:01:12
1639472472210186000,19.95,1,19.8,2,19.95,3,1,2021-12-14 09:01:12
1639472472222454000,19.95,1,19.8,2,19.95,2,1,2021-12-14 09:01:12
1639472472370467000,19.8,1,19.8,1,19.95,2,2,2021-12-14 09:01:12
1639472472494321000,19.8,1,0.0,0,0.0,0,2,2021-12-14 09:01:12
1639472472494321000,19.65,1,0.0,0,0.0,0,2,2021-12-14 09:01:12
1639472472494321000,19.65,0,0.0,0,0.0,0,2,2021-12-14 09:01:12
1639472592968213000,19.5,1596,19.45,38,19.5,341,2,2021-12-14 09:03:12
1639472592968518000,19.5,1,19.45,38,19.5,341,1,2021-12-14 09:03:12
1639472593066759000,19.5,1,19.45,38,19.5,340,1,2021-12-14 09:03:13
1639472593423228000,19.5,2,19.45,38,19.5,340,1,2021-12-14 09:03:13
1639472593691876000,19.45,1,19.45,37,19.5,340,2,2021-12-14 09:03:13
1639472593958220000,19.5,3,19.45,37,19.5,338,1,2021-12-14 09:03:13
1639472594336103000,19.45,1,19.45,36,19.5,337,2,2021-12-14 09:03:14
1639472594352473000,19.5,1,19.45,36,19.5,337,1,2021-12-14 09:03:14
1639472594439356000,19.5,1,19.45,37,19.5,336,1,2021-12-14 09:03:14
1639472594567356000,19.5,1,19.45,37,19.5,335,1,2021-12-14 09:03:14
1639472594580701000,19.45,23,19.45,14,19.5,335,2,2021-12-14 09:03:14
1639472594725352000,19.45,3,19.45,11,19.5,335,2,2021-12-14 09:03:14
1639472594865959000,19.45,1,19.45,10,19.5,335,2,2021-12-14 09:03:14
1639472594982315000,19.45,2,19.45,8,19.5,334,2,2021-12-14 09:03:14
1639472595216386000,19.45,8,19.4,55,19.5,334,2,2021-12-14 09:03:15
1639472595216386000,19.4,22,19.4,55,19.5,334,2,2021-12-14 09:03:15
1639472595312377000,19.4,2,19.4,53,19.5,334,2,2021-12-14 09:03:15
1639472595315100000,19.4,6,19.4,47,19.5,334,2,2021-12-14 09:03:15
1639472595318555000,19.4,1,19.4,46,19.5,334,2,2021-12-14 09:03:15
1639472595329525000,19.5,1,19.4,46,19.5,333,1,2021-12-14 09:03:15
1639472595338264000,19.4,1,19.4,45,19.5,333,2,2021-12-14 09:03:15
1639472595423769000,19.5,1,19.4,45,19.5,337,1,2021-12-14 09:03:15
1639472595617220000,19.5,5,19.4,45,19.5,332,1,2021-12-14 09:03:15
1639472595757662000,19.4,5,19.4,40,19.5,332,2,2021-12-14 09:03:15
1639472595869556000,19.4,1,19.4,39,19.5,332,2,2021-12-14 09:03:15
1639472595977962000,19.4,1,19.4,38,19.5,332,2,2021-12-14 09:03:15
1639472596035331000,19.45,1,19.4,38,19.5,327,1,2021-12-14 09:03:16
1639472596035331000,19.5,4,19.4,38,19.5,327,1,2021-12-14 09:03:16
1639472596064485000,19.5,3,19.4,38,19.5,324,1,2021-12-14 09:03:16
1639472596341526000,19.4,1,19.4,37,19.5,325,2,2021-12-14 09:03:16
1639472596387222000,19.4,5,19.4,32,19.5,325,2,2021-12-14 09:03:16
1639472596587882000,19.5,2,19.4,32,19.5,323,1,2021-12-14 09:03:16
1639472596614042000,19.45,1,19.4,32,19.45,4,2,2021-12-14 09:03:16
1639472596698950000,19.4,3,19.4,29,19.45,4,2,2021-12-14 09:03:16
1639472596877163000,19.45,1,19.4,29,19.45,3,1,2021-12-14 09:03:16
1639472596958978000,19.45,3,19.4,29,19.5,317,1,2021-12-14 09:03:16
1639472596958978000,19.5,7,19.4,29,19.5,317,1,2021-12-14 09:03:16
1639472597234087000,19.5,1,19.4,29,19.5,318,1,2021-12-14 09:03:17
1639472597252880000,19.5,1,19.4,29,19.5,317,1,2021-12-14 09:03:17
1639472597681595000,19.4,2,19.4,27,19.5,315,2,2021-12-14 09:03:17
1639472598011635000,19.45,1,19.4,27,19.45,1,1,2021-12-14 09:03:18
1639472598271522000,19.4,2,19.4,26,19.45,1,2,2021-12-14 09:03:18
1639472598321039000,19.45,1,19.4,26,19.5,315,1,2021-12-14 09:03:18
1639472598679558000,19.45,1,19.4,26,19.5,315,1,2021-12-14 09:03:18
1639472598869759000,19.5,1,19.4,26,19.5,314,1,2021-12-14 09:03:18
1639472599109658000,19.5,2,19.4,26,19.5,312,1,2021-12-14 09:03:19
1639472599336308000,19.4,6,19.4,20,19.5,312,2,2021-12-14 09:03:19
1639472599767862000,19.4,3,19.4,17,19.45,1,2,2021-12-14 09:03:19
1639472599919973000,19.45,3,19.4,17,19.5,266,1,2021-12-14 09:03:19
1639472599919973000,19.5,47,19.4,17,19.5,266,1,2021-12-14 09:03:19
1639472600093093000,19.4,17,19.35,28,19.5,266,2,2021-12-14 09:03:20
1639472600093093000,19.35,8,19.35,28,19.5,266,2,2021-12-14 09:03:20
1639472600104629000,19.5,5,19.35,28,19.5,261,1,2021-12-14 09:03:20
1639472600145518000,19.35,9,19.35,19,19.45,2,2,2021-12-14 09:03:20
1639472600261289000,19.45,2,19.35,19,19.5,261,1,2021-12-14 09:03:20
1639472600408003000,19.5,1,19.45,10,19.5,260,1,2021-12-14 09:03:20
1639472600447321000,19.45,10,19.4,1,19.5,269,2,2021-12-14 09:03:20
1639472600670217000,19.4,1,19.35,17,19.5,269,2,2021-12-14 09:03:20
1639472600670217000,19.35,2,19.35,17,19.5,269,2,2021-12-14 09:03:20
1639472600740912000,19.5,1,19.35,17,19.5,268,1,2021-12-14 09:03:20
1639472600777656000,19.35,1,19.35,16,19.45,10,2,2021-12-14 09:03:20
1639472600802275000,19.45,1,19.35,16,19.45,9,1,2021-12-14 09:03:20
1639472601057378000,19.45,1,19.35,16,19.45,8,1,2021-12-14 09:03:21
1639472601203226000,19.45,1,19.35,16,19.45,7,1,2021-12-14 09:03:21
1639472601310015000,19.45,1,19.35,16,19.45,6,1,2021-12-14 09:03:21
1639472601590626000,19.45,1,19.4,1,19.45,5,1,2021-12-14 09:03:21
1639472601695693000,19.4,1,19.35,15,19.45,5,2,2021-12-14 09:03:21
1639472601695693000,19.35,1,19.35,15,19.45,5,2,2021-12-14 09:03:21
1639472601853393000,19.45,3,19.35,15,19.45,2,1,2021-12-14 09:03:21
1639472601925711000,19.45,2,19.35,15,19.5,261,1,2021-12-14 09:03:21
1639472601925711000,19.5,8,19.35,15,19.5,261,1,2021-12-14 09:03:21
1639472601997293000,19.4,2,19.4,3,19.45,1,2,2021-12-14 09:03:21
1639472601999866000,19.4,1,19.4,2,19.45,1,2,2021-12-14 09:03:21
1639472602024450000,19.45,1,19.4,2,19.5,252,1,2021-12-14 09:03:22
1639472602024450000,19.5,9,19.4,2,19.5,252,1,2021-12-14 09:03:22
1639472602074068000,19.4,2,19.3,13,19.5,228,2,2021-12-14 09:03:22
1639472602074068000,19.35,15,19.3,13,19.5,228,2,2021-12-14 09:03:22
1639472602074068000,19.3,8,19.3,13,19.5,228,2,2021-12-14 09:03:22
1639472602127532000,19.5,2,19.3,13,19.5,226,1,2021-12-14 09:03:22
1639472602487704000,19.4,1,19.3,13,19.45,10,2,2021-12-14 09:03:22
1639472602826476000,19.3,1,19.3,12,19.45,10,2,2021-12-14 09:03:22
1639472603152146000,19.3,2,19.3,10,19.45,10,2,2021-12-14 09:03:23
1639472603344444000,19.3,1,19.3,9,19.45,10,2,2021-12-14 09:03:23
1639472603462831000,19.4,1,19.3,9,19.4,2,1,2021-12-14 09:03:23
1639472603473008000,19.4,1,19.3,9,19.4,1,1,2021-12-14 09:03:23
1639472603592117000,19.3,4,19.3,5,19.4,3,2,2021-12-14 09:03:23
1639472604173287000,19.3,1,19.3,4,19.4,13,2,2021-12-14 09:03:24
1639472604220542000,19.4,1,19.3,4,19.4,12,1,2021-12-14 09:03:24
1639472604318455000,19.3,3,19.3,1,19.4,12,2,2021-12-14 09:03:24
1639472604443619000,19.3,1,19.25,6,19.4,12,2,2021-12-14 09:03:24
1639472604887241000,19.25,1,19.25,5,19.3,1,2,2021-12-14 09:03:24
1639472604891880000,19.3,1,19.35,4,19.4,12,1,2021-12-14 09:03:24
1639472605712267000,19.4,2,19.35,4,19.4,12,1,2021-12-14 09:03:25
1639472605789786000,19.4,1,19.35,4,19.4,11,1,2021-12-14 09:03:25
1639472605928688000,19.4,1,19.35,4,19.4,10,1,2021-12-14 09:03:25
1639472606033624000,19.4,1,19.35,4,19.4,9,1,2021-12-14 09:03:26
1639472606149320000,19.4,4,19.35,4,19.4,5,1,2021-12-14 09:03:26
1639472606157713000,19.35,1,19.35,3,19.4,5,2,2021-12-14 09:03:26
1639472606431785000,19.4,1,19.35,3,19.4,4,1,2021-12-14 09:03:26
1639472606668867000,19.35,3,19.2,30,19.4,4,2,2021-12-14 09:03:26
1639472606668867000,19.25,5,19.2,30,19.4,4,2,2021-12-14 09:03:26
1639472606943178000,19.2,3,19.2,27,19.4,4,2,2021-12-14 09:03:26
1639472607145235000,19.2,1,19.2,26,19.4,4,2,2021-12-14 09:03:27
1639472607217354000,19.4,1,19.3,1,19.4,3,1,2021-12-14 09:03:27
1639472607279308000,19.4,3,19.3,1,19.45,54,1,2021-12-14 09:03:27
1639472607279308000,19.45,7,19.3,1,19.45,54,1,2021-12-14 09:03:27
1639472607341795000,19.3,1,19.2,26,19.45,54,2,2021-12-14 09:03:27
1639472607516163000,19.4,10,19.2,26,19.45,54,1,2021-12-14 09:03:27
1639472607634768000,19.3,5,19.2,26,19.3,7,2,2021-12-14 09:03:27
1639472608056766000,19.2,3,19.2,23,19.3,7,2,2021-12-14 09:03:28
1639472608354809000,19.3,1,19.2,23,19.3,7,1,2021-12-14 09:03:28
1639472608684853000,19.3,6,19.2,23,19.3,1,1,2021-12-14 09:03:28
1639472608786129000,19.3,1,19.2,23,19.35,2,1,2021-12-14 09:03:28
1639472608896161000,19.2,1,19.2,22,19.35,3,2,2021-12-14 09:03:28
1639472608966799000,19.2,2,19.2,20,19.3,2,2,2021-12-14 09:03:28
1639472609294272000,19.3,1,19.2,20,19.3,1,1,2021-12-14 09:03:29
1639472609529177000,19.25,1,19.2,20,19.3,6,2,2021-12-14 09:03:29
1639472609605623000,19.3,3,19.2,20,19.3,3,1,2021-12-14 09:03:29
1639472609704747000,19.2,10,19.2,10,19.3,3,2,2021-12-14 09:03:29
1639472609776461000,19.3,3,19.2,10,19.35,1,1,2021-12-14 09:03:29
1639472609776461000,19.35,2,19.2,10,19.35,1,1,2021-12-14 09:03:29
1639472610093032000,19.3,1,19.2,10,19.35,2,2,2021-12-14 09:03:30
1639472610307099000,19.35,1,19.2,10,19.35,1,1,2021-12-14 09:03:30
1639472610394180000,19.35,1,19.2,10,19.4,15,1,2021-12-14 09:03:30
1639472610394180000,19.4,1,19.2,10,19.4,15,1,2021-12-14 09:03:30
1639472610556232000,19.4,2,19.2,10,19.4,14,1,2021-12-14 09:03:30
1639472610950267000,19.3,1,19.25,5,19.4,14,2,2021-12-14 09:03:30
1639472611430421000,19.4,2,19.25,5,19.4,12,1,2021-12-14 09:03:31
1639472611598224000,19.25,2,19.25,3,19.4,12,2,2021-12-14 09:03:31
1639472611608849000,19.25,1,19.25,2,19.4,12,2,2021-12-14 09:03:31
1639472611726565000,19.25,1,19.25,1,19.3,2,2,2021-12-14 09:03:31
1639472611854175000,19.25,1,19.2,6,19.3,2,2,2021-12-14 09:03:31
1639472611854175000,19.2,4,19.2,6,19.3,2,2,2021-12-14 09:03:31
1639472611932842000,19.3,2,19.2,6,19.4,18,1,2021-12-14 09:03:31
1639472611932842000,19.35,2,19.2,6,19.4,18,1,2021-12-14 09:03:31
1639472611932842000,19.4,4,19.2,6,19.4,18,1,2021-12-14 09:03:31
1639472612020494000,19.3,1,19.2,6,19.4,18,2,2021-12-14 09:03:32
1639472612295445000,19.3,1,19.3,1,19.4,18,2,2021-12-14 09:03:32
1639472612383471000,19.3,1,19.2,6,19.35,1,2,2021-12-14 09:03:32
1639472612578388000,19.3,1,19.2,7,19.35,1,2,2021-12-14 09:03:32
1639472612753145000,19.25,2,19.0,236,19.35,2,2,2021-12-14 09:03:32
1639472612753145000,19.2,7,19.0,236,19.35,2,2,2021-12-14 09:03:32
1639472612753145000,19.15,28,19.0,236,19.35,2,2,2021-12-14 09:03:32
1639472612753145000,19.1,32,19.0,236,19.35,2,2,2021-12-14 09:03:32
1639472612753145000,19.05,6,19.0,236,19.35,2,2,2021-12-14 09:03:32
1639472612753145000,19.0,75,19.0,236,19.35,2,2,2021-12-14 09:03:32
1639472612829826000,19.35,2,19.0,236,19.4,28,1,2021-12-14 09:03:32
1639472612829826000,19.4,1,19.0,236,19.4,28,1,2021-12-14 09:03:32
1639472613177771000,19.25,1,19.0,217,19.3,14,2,2021-12-14 09:03:33
1639472613177771000,19.0,19,19.0,217,19.3,14,2,2021-12-14 09:03:33
1639472613237845000,19.3,1,19.0,217,19.3,13,1,2021-12-14 09:03:33
1639472613372359000,19.0,2,19.0,215,19.2,2,2,2021-12-14 09:03:33
1639472613406962000,19.2,1,19.0,215,19.2,1,1,2021-12-14 09:03:33
1639472613561951000,19.0,4,19.0,211,19.2,1,2,2021-12-14 09:03:33
1639472613676207000,19.2,1,19.0,212,19.25,3,1,2021-12-14 09:03:33
1639472613695240000,19.0,1,19.0,211,19.25,3,2,2021-12-14 09:03:33
1639472613833818000,19.25,1,19.0,211,19.25,2,1,2021-12-14 09:03:33
1639472613937485000,19.25,2,19.0,211,19.3,30,1,2021-12-14 09:03:33
1639472613998877000,19.25,1,19.25,1,19.3,30,2,2021-12-14 09:03:33
1639472614057327000,19.25,1,19.0,211,19.3,30,2,2021-12-14 09:03:34
1639472614106366000,19.3,1,19.0,211,19.3,29,1,2021-12-14 09:03:34
1639472614333104000,19.25,1,19.0,211,19.3,29,2,2021-12-14 09:03:34
1639472614417337000,19.3,1,19.0,211,19.3,28,1,2021-12-14 09:03:34
1639472614431148000,19.3,1,19.0,211,19.3,27,1,2021-12-14 09:03:34
1639472614520665000,19.25,1,19.0,211,19.25,9,2,2021-12-14 09:03:34
1639472614554441000,19.25,1,19.0,211,19.25,8,1,2021-12-14 09:03:34
1639472614660362000,19.25,1,19.2,1,19.25,7,1,2021-12-14 09:03:34
1639472614765809000,19.25,7,19.2,1,19.3,24,1,2021-12-14 09:03:34
1639472614765809000,19.3,3,19.2,1,19.3,24,1,2021-12-14 09:03:34
1639472614879397000,19.3,1,19.25,1,19.3,23,1,2021-12-14 09:03:34
1639472614927576000,19.3,2,19.25,1,19.3,21,1,2021-12-14 09:03:34
1639472614928377000,19.3,10,19.25,1,19.3,11,1,2021-12-14 09:03:34
1639472615255903000,19.25,1,19.0,211,19.3,11,2,2021-12-14 09:03:35
1639472615255903000,19.2,1,19.0,211,19.3,11,2,2021-12-14 09:03:35
1639472615350701000,19.1,1,19.0,211,19.3,10,2,2021-12-14 09:03:35
1639472615350701000,19.3,1,19.0,211,19.3,10,1,2021-12-14 09:03:35
1639472615540260000,19.3,1,19.25,1,19.3,9,1,2021-12-14 09:03:35
1639472615732328000,19.25,1,19.0,211,19.2,1,2,2021-12-14 09:03:35
1639472615893632000,19.2,1,19.0,211,19.3,10,2,2021-12-14 09:03:35
1639472615983867000,19.0,41,19.0,185,19.1,6,2,2021-12-14 09:03:35
1639472616029429000,19.0,4,19.0,181,19.1,6,2,2021-12-14 09:03:36
1639472616065215000,19.1,2,19.0,181,19.1,4,1,2021-12-14 09:03:36
1639472616264286000,19.0,3,19.0,178,19.1,4,2,2021-12-14 09:03:36
1639472616337622000,19.1,4,19.0,173,19.3,10,1,2021-12-14 09:03:36
1639472616337622000,19.3,1,19.0,173,19.3,10,1,2021-12-14 09:03:36
1639472616581932000,19.0,5,19.0,169,19.2,8,2,2021-12-14 09:03:36
1639472616614018000,19.0,20,19.0,149,19.2,8,2,2021-12-14 09:03:36
1639472616729838000,19.0,1,19.0,148,19.2,8,2,2021-12-14 09:03:36
1639472617097627000,19.2,1,19.0,148,19.2,7,1,2021-12-14 09:03:37
1639472617150350000,19.2,1,19.0,148,19.2,7,1,2021-12-14 09:03:37
1639472617410741000,19.0,2,19.0,145,19.2,7,2,2021-12-14 09:03:37
1639472617456922000,19.2,1,19.0,145,19.2,6,1,2021-12-14 09:03:37
1639472617537928000,19.2,2,19.0,145,19.2,4,1,2021-12-14 09:03:37
1639472617799144000,19.0,2,19.0,143,19.15,20,2,2021-12-14 09:03:37
1639472617832619000,19.0,6,19.0,137,19.15,20,2,2021-12-14 09:03:37
1639472617853016000,19.0,5,19.0,132,19.15,20,2,2021-12-14 09:03:37
1639472617982398000,19.15,3,19.0,134,19.15,17,1,2021-12-14 09:03:37
1639472618312979000,19.0,10,19.0,124,19.15,17,2,2021-12-14 09:03:38
1639472618333860000,19.15,1,19.0,124,19.15,16,1,2021-12-14 09:03:38
1639472618348359000,19.0,1,19.0,123,19.15,16,2,2021-12-14 09:03:38
1639472618426658000,19.0,2,19.0,121,19.15,16,2,2021-12-14 09:03:38
1639472618513516000,19.0,1,19.0,120,19.15,16,2,2021-12-14 09:03:38
1639472618547611000,19.0,10,19.0,110,19.15,16,2,2021-12-14 09:03:38
1639472618613054000,19.0,5,19.0,106,19.15,16,2,2021-12-14 09:03:38
1639472618957081000,19.05,5,19.0,86,19.15,21,1,2021-12-14 09:03:38
1639472618957081000,19.0,20,19.0,86,19.15,21,2,2021-12-14 09:03:38
1639472619028086000,19.0,15,19.0,71,19.15,21,2,2021-12-14 09:03:39
1639472619066386000,19.0,5,19.0,66,19.15,21,2,2021-12-14 09:03:39
1639472619180222000,19.0,1,19.0,67,19.15,21,2,2021-12-14 09:03:39
1639472619538412000,19.05,1,19.0,48,19.15,21,1,2021-12-14 09:03:39
1639472619538412000,19.0,19,19.0,48,19.15,21,2,2021-12-14 09:03:39
1639472619728051000,19.0,1,19.0,47,19.1,5,2,2021-12-14 09:03:39
1639472619806016000,19.0,1,19.0,46,19.1,5,2,2021-12-14 09:03:39
1639472619950154000,19.1,2,19.0,46,19.1,3,1,2021-12-14 09:03:39
1639472620001716000,19.1,1,19.0,46,19.1,2,1,2021-12-14 09:03:40
1639472620153411000,19.1,1,19.0,45,19.1,1,1,2021-12-14 09:03:40
1639472620208253000,19.0,6,19.0,39,19.1,1,2,2021-12-14 09:03:40
1639472620429627000,19.0,2,19.0,37,19.1,1,2,2021-12-14 09:03:40
1639472620624324000,19.1,1,19.0,37,19.15,22,1,2021-12-14 09:03:40
1639472621019202000,19.0,28,19.0,10,19.15,22,2,2021-12-14 09:03:41
1639472621020288000,19.15,1,19.0,10,19.15,21,1,2021-12-14 09:03:41
1639472621037787000,19.0,10,18.95,2,19.15,21,2,2021-12-14 09:03:41
1639472621069593000,19.15,2,18.95,2,19.15,19,1,2021-12-14 09:03:41
1639472621174590000,19.15,19,19.05,2,19.3,30,1,2021-12-14 09:03:41
1639472621174590000,19.2,17,19.05,2,19.3,30,1,2021-12-14 09:03:41
1639472621174590000,19.25,10,19.05,2,19.3,30,1,2021-12-14 09:03:41
1639472621174590000,19.3,4,19.05,2,19.3,30,1,2021-12-14 09:03:41
1639472621213331000,19.3,1,19.05,2,19.3,29,1,2021-12-14 09:03:41
1639472621534072000,19.05,2,18.95,2,19.0,8,2,2021-12-14 09:03:41
1639472621534093000,19.0,2,18.95,2,19.0,8,2,2021-12-14 09:03:41
1639472621794808000,18.95,2,18.9,9,19.0,8,2,2021-12-14 09:03:41
1639472621914709000,19.0,8,18.9,9,19.1,3,1,2021-12-14 09:03:41
1639472621914709000,19.1,2,18.9,9,19.1,3,1,2021-12-14 09:03:41
1639472622012233000,18.9,3,18.9,6,19.1,3,2,2021-12-14 09:03:42
1639472622094860000,18.9,1,18.9,5,19.0,20,2,2021-12-14 09:03:42
1639472622219289000,18.9,2,18.9,3,19.0,20,2,2021-12-14 09:03:42
1639472622274228000,19.0,1,18.9,3,19.0,19,1,2021-12-14 09:03:42
1639472622348797000,18.9,1,18.9,2,19.0,21,2,2021-12-14 09:03:42
1639472622483724000,19.0,5,18.9,3,19.0,16,1,2021-12-14 09:03:42
1639472622491170000,19.0,16,19.2,2,19.25,1,1,2021-12-14 09:03:42
1639472622491170000,19.05,1,19.2,2,19.25,1,1,2021-12-14 09:03:42
1639472622491170000,19.1,3,19.2,2,19.25,1,1,2021-12-14 09:03:42
1639472622491170000,19.15,3,19.2,2,19.25,1,1,2021-12-14 09:03:42
1639472622518093000,19.2,2,18.9,3,19.25,1,1,2021-12-14 09:03:42
1639472622558965000,18.9,3,18.85,1,19.25,1,2,2021-12-14 09:03:42
1639472622558965000,18.85,5,18.85,1,19.25,1,2,2021-12-14 09:03:42
1639472622571791000,18.85,1,18.8,237,19.25,1,2,2021-12-14 09:03:42
1639472622770804000,18.9,1,19.0,8,19.05,5,1,2021-12-14 09:03:42
1639472622770804000,19.0,1,19.0,8,19.05,5,1,2021-12-14 09:03:42
1639472622836665000,19.0,8,18.8,237,19.0,2,2,2021-12-14 09:03:42
1639472622852861000,19.0,1,18.8,237,19.0,1,1,2021-12-14 09:03:42
1639472623031799000,19.0,1,18.8,237,19.05,5,1,2021-12-14 09:03:43
1639472623192790000,19.0,1,19.0,1,19.05,5,2,2021-12-14 09:03:43
1639472623217819000,19.0,1,19.0,1,19.05,5,2,2021-12-14 09:03:43
1639472623297455000,19.05,2,19.0,1,19.05,3,1,2021-12-14 09:03:43
1639472623432138000,19.0,1,18.8,237,19.05,4,2,2021-12-14 09:03:43
1639472623746026000,19.0,1,18.8,237,19.0,7,1,2021-12-14 09:03:43
1639472623890772000,19.0,1,18.8,237,19.0,6,1,2021-12-14 09:03:43
1639472623957707000,19.0,1,18.8,237,19.0,5,1,2021-12-14 09:03:43
1639472623993064000,19.0,1,18.8,237,19.0,4,1,2021-12-14 09:03:43
1639472624163136000,19.0,1,18.8,237,19.0,3,1,2021-12-14 09:03:44
1639472624475912000,19.0,1,18.8,239,19.0,3,1,2021-12-14 09:03:44
1639472624658920000,19.0,1,18.8,239,19.0,2,1,2021-12-14 09:03:44
1639472624741265000,19.0,2,19.0,48,19.05,4,1,2021-12-14 09:03:44
1639472624806146000,19.0,5,19.0,43,19.05,4,2,2021-12-14 09:03:44
1639472624945739000,19.0,2,19.0,41,19.05,4,2,2021-12-14 09:03:44
1639472625058260000,19.05,4,19.0,42,19.1,3,1,2021-12-14 09:03:45
1639472625058260000,19.1,6,19.0,42,19.1,3,1,2021-12-14 09:03:45
1639472625060896000,19.0,1,19.0,41,19.1,3,2,2021-12-14 09:03:45
1639472625064031000,19.1,2,19.0,41,19.1,1,1,2021-12-14 09:03:45
1639472625121189000,19.0,1,19.0,42,19.1,1,2,2021-12-14 09:03:45
1639472625134760000,19.0,4,19.0,38,19.1,1,2,2021-12-14 09:03:45
1639472625224149000,19.05,1,19.0,43,19.1,1,1,2021-12-14 09:03:45
1639472625290037000,19.1,1,19.0,43,19.2,33,1,2021-12-14 09:03:45
1639472625290037000,19.15,1,19.0,43,19.2,33,1,2021-12-14 09:03:45
1639472625290037000,19.2,3,19.0,43,19.2,33,1,2021-12-14 09:03:45
1639472625302975000,19.0,2,19.0,41,19.2,33,2,2021-12-14 09:03:45
1639472625360591000,19.0,1,19.0,40,19.2,33,2,2021-12-14 09:03:45
1639472625647746000,19.0,1,19.0,41,19.1,11,2,2021-12-14 09:03:45
1639472625656194000,19.1,1,19.0,41,19.1,10,1,2021-12-14 09:03:45
1639472625812791000,19.0,1,19.0,40,19.1,10,2,2021-12-14 09:03:45
1639472626192599000,19.0,5,19.0,38,19.1,10,2,2021-12-14 09:03:46
1639472626272278000,19.0,1,19.0,31,19.1,10,2,2021-12-14 09:03:46
1639472626272536000,19.0,6,19.0,31,19.1,10,2,2021-12-14 09:03:46
1639472626810801000,19.0,1,19.0,30,19.1,10,2,2021-12-14 09:03:46
1639472626812725000,19.0,1,19.0,29,19.1,10,2,2021-12-14 09:03:46
1639472626897936000,19.0,20,19.0,9,19.1,10,2,2021-12-14 09:03:46
1639472626975063000,19.0,5,19.0,5,19.1,10,2,2021-12-14 09:03:46
1639472627117134000,19.0,1,19.0,4,19.1,10,2,2021-12-14 09:03:47
1639472627248334000,19.0,4,18.9,5,19.0,2,2,2021-12-14 09:03:47
1639472627313791000,19.0,2,18.9,5,19.1,10,1,2021-12-14 09:03:47
1639472627347539000,18.9,1,18.9,4,19.1,10,2,2021-12-14 09:03:47
1639472627433718000,19.1,1,18.9,7,19.1,9,1,2021-12-14 09:03:47
1639472627465752000,18.9,1,18.9,6,19.1,9,2,2021-12-14 09:03:47
1639472627621189000,18.9,6,18.85,37,19.1,9,2,2021-12-14 09:03:47
1639472627621189000,18.85,4,18.85,37,19.1,9,2,2021-12-14 09:03:47
1639472627895035000,18.95,1,18.85,37,19.0,1,1,2021-12-14 09:03:47
1639472628234420000,19.0,3,19.0,7,19.1,9,1,2021-12-14 09:03:48
1639472628238976000,19.0,7,18.85,35,19.1,9,2,2021-12-14 09:03:48
1639472628238976000,18.85,2,18.85,35,19.1,9,2,2021-12-14 09:03:48
1639472628477171000,19.0,1,18.85,35,19.1,9,1,2021-12-14 09:03:48
1639472628608500000,19.0,1,18.85,35,19.0,9,1,2021-12-14 09:03:48
1639472628743268000,19.0,1,18.85,35,19.0,8,1,2021-12-14 09:03:48
1639472628994192000,18.9,1,18.85,35,19.0,114,2,2021-12-14 09:03:48
1639472629149619000,18.85,20,18.85,15,19.0,114,2,2021-12-14 09:03:49
1639472629352680000,19.0,3,18.85,35,19.0,117,1,2021-12-14 09:03:49
1639472629481140000,19.0,1,18.85,35,19.0,118,1,2021-12-14 09:03:49
1639472629489691000,19.0,2,18.85,35,19.0,116,1,2021-12-14 09:03:49
1639472629711450000,19.0,2,18.9,4,19.0,114,1,2021-12-14 09:03:49
1639472629779995000,18.9,1,18.9,3,19.0,116,2,2021-12-14 09:03:49
1639472629941778000,18.9,3,18.85,33,19.0,123,2,2021-12-14 09:03:49
1639472629941778000,18.85,2,18.85,33,19.0,123,2,2021-12-14 09:03:49
1639472630303188000,18.95,1,18.85,33,19.0,140,1,2021-12-14 09:03:50
1639472630307092000,19.0,1,18.85,33,19.0,139,1,2021-12-14 09:03:50
1639472630362034000,19.0,5,18.85,33,19.0,134,1,2021-12-14 09:03:50
1639472630439292000,18.85,3,18.85,30,19.0,134,2,2021-12-14 09:03:50
1639472630547442000,19.0,5,18.95,1,19.0,129,1,2021-12-14 09:03:50
1639472630548155000,19.0,2,18.95,1,19.0,127,1,2021-12-14 09:03:50
1639472630721931000,18.95,1,18.85,48,19.0,127,2,2021-12-14 09:03:50
1639472630721931000,18.85,2,18.85,48,19.0,127,2,2021-12-14 09:03:50
1639472630740363000,19.0,1,18.85,48,19.0,126,1,2021-12-14 09:03:50
1639472630849090000,19.0,2,18.85,48,19.0,126,1,2021-12-14 09:03:50
1639472631018927000,19.0,2,18.9,13,19.0,124,1,2021-12-14 09:03:51
1639472631462092000,18.9,13,18.85,43,19.0,124,2,2021-12-14 09:03:51
1639472631462092000,18.85,7,18.85,43,19.0,124,2,2021-12-14 09:03:51
1639472631477385000,19.0,1,18.85,43,19.0,123,1,2021-12-14 09:03:51
1639472631678586000,18.9,1,18.85,43,18.9,6,2,2021-12-14 09:03:51
1639472631761608000,18.9,1,18.85,43,18.9,5,1,2021-12-14 09:03:51
1639472631810065000,18.9,1,18.85,43,18.9,4,1,2021-12-14 09:03:51
1639472631853123000,18.9,2,18.85,43,18.9,2,1,2021-12-14 09:03:51
1639472631914445000,18.9,2,18.85,43,19.0,126,1,2021-12-14 09:03:51
1639472631914445000,19.0,3,18.85,43,19.0,126,1,2021-12-14 09:03:51
1639472632010097000,18.85,5,18.85,38,19.0,150,2,2021-12-14 09:03:52
1639472632405002000,18.95,1,18.85,39,19.0,156,1,2021-12-14 09:03:52
1639472632420517000,19.0,30,18.85,39,19.0,126,1,2021-12-14 09:03:52
1639472632530023000,18.85,5,18.85,34,19.0,137,2,2021-12-14 09:03:52
1639472632641622000,19.0,30,18.85,34,19.0,107,1,2021-12-14 09:03:52
1639472632741881000,19.0,1,18.85,34,19.0,107,1,2021-12-14 09:03:52
1639472632948509000,19.0,2,18.9,1,19.0,105,1,2021-12-14 09:03:52
1639472633070851000,19.0,1,18.9,2,19.0,104,1,2021-12-14 09:03:53
1639472633265953000,18.9,1,18.9,1,19.0,105,2,2021-12-14 09:03:53
1639472633277916000,19.0,1,18.9,1,19.0,104,1,2021-12-14 09:03:53
1639472633572130000,19.0,2,18.9,1,19.0,103,1,2021-12-14 09:03:53
1639472633664211000,18.9,1,18.85,54,18.9,7,2,2021-12-14 09:03:53
1639472633763540000,18.9,1,18.85,54,18.9,6,1,2021-12-14 09:03:53
1639472633901814000,18.85,2,18.85,52,18.9,6,2,2021-12-14 09:03:53
1639472633954769000,18.9,1,18.85,57,18.9,5,1,2021-12-14 09:03:53
1639472634060852000,18.85,1,18.85,56,18.9,5,2,2021-12-14 09:03:54
1639472634067916000,18.85,2,18.85,54,18.9,5,2,2021-12-14 09:03:54
1639472634304377000,18.9,2,18.85,54,18.9,3,1,2021-12-14 09:03:54
1639472634629094000,18.9,1,18.85,55,18.9,2,1,2021-12-14 09:03:54
1639472634695627000,18.9,1,18.85,55,18.9,1,1,2021-12-14 09:03:54
1639472634743059000,18.9,1,18.85,55,19.0,122,1,2021-12-14 09:03:54
1639472634746006000,18.85,1,18.85,54,19.0,122,2,2021-12-14 09:03:54
1639472634827754000,19.0,10,18.85,54,19.0,112,1,2021-12-14 09:03:54
1639472634882940000,18.85,25,18.85,29,19.0,112,2,2021-12-14 09:03:54
1639472634970255000,18.85,5,18.85,24,19.0,112,2,2021-12-14 09:03:54
1639472635056889000,18.85,1,18.85,23,19.0,212,2,2021-12-14 09:03:55
1639472635423326000,18.85,1,18.85,22,18.95,1,2,2021-12-14 09:03:55
1639472635449039000,18.85,2,18.85,20,18.95,1,2,2021-12-14 09:03:55
1639472635501468000,18.95,1,18.85,20,19.0,214,1,2021-12-14 09:03:55
1639472635501468000,19.0,2,18.85,20,19.0,214,1,2021-12-14 09:03:55
1639472635616336000,19.0,1,18.85,20,19.0,213,1,2021-12-14 09:03:55
1639472635633108000,19.0,3,18.85,20,19.0,210,1,2021-12-14 09:03:55
1639472635855369000,19.0,3,18.9,1,19.0,207,1,2021-12-14 09:03:55
1639472635857061000,19.0,1,18.9,1,19.0,206,1,2021-12-14 09:03:55
1639472635985024000,18.9,1,18.85,21,19.0,207,2,2021-12-14 09:03:55
1639472636037895000,18.85,2,18.85,20,19.0,207,2,2021-12-14 09:03:56
1639472636146298000,19.0,2,18.85,20,19.0,205,1,2021-12-14 09:03:56
1639472636232466000,19.0,3,18.85,20,19.0,202,1,2021-12-14 09:03:56
1639472636312451000,18.85,5,18.85,15,19.0,202,2,2021-12-14 09:03:56
1639472636595243000,18.85,2,18.85,14,19.0,203,2,2021-12-14 09:03:56
1639472636686665000,18.85,10,18.85,4,19.0,203,2,2021-12-14 09:03:56
1639472636769403000,18.85,1,18.85,3,19.0,203,2,2021-12-14 09:03:56
1639472636995869000,18.9,1,18.9,4,19.0,213,1,2021-12-14 09:03:56
1639472637085064000,18.9,1,18.9,3,19.0,213,2,2021-12-14 09:03:57
1639472637120307000,19.0,1,18.9,3,19.0,212,1,2021-12-14 09:03:57
1639472637137904000,18.9,3,18.85,24,19.0,212,2,2021-12-14 09:03:57
1639472637137904000,18.85,2,18.85,24,19.0,212,2,2021-12-14 09:03:57
1639472637147443000,18.85,1,18.85,23,19.0,212,2,2021-12-14 09:03:57
1639472637219869000,18.85,2,18.85,22,19.0,212,2,2021-12-14 09:03:57
1639472637352263000,19.0,5,18.85,22,19.0,208,1,2021-12-14 09:03:57
1639472637367121000,18.85,1,18.85,21,19.0,209,2,2021-12-14 09:03:57
1639472637388375000,18.85,4,18.85,17,19.0,209,2,2021-12-14 09:03:57
1639472637850798000,19.0,99,18.85,21,19.0,113,1,2021-12-14 09:03:57
1639472638347874000,19.0,1,18.95,2,19.0,136,1,2021-12-14 09:03:58
1639472638468023000,19.0,20,18.95,3,19.0,116,1,2021-12-14 09:03:58
1639472638982657000,18.95,2,18.95,1,19.0,120,2,2021-12-14 09:03:58
1639472639017098000,18.95,1,18.9,11,19.0,120,2,2021-12-14 09:03:59
1639472639017098000,18.9,1,18.9,11,19.0,120,2,2021-12-14 09:03:59
1639472639250559000,18.9,1,18.9,10,19.0,120,2,2021-12-14 09:03:59
1639472639295088000,18.9,5,18.9,5,19.0,120,2,2021-12-14 09:03:59
1639472639318536000,18.9,1,18.9,4,19.0,120,2,2021-12-14 09:03:59
1639472639365212000,19.0,1,18.9,4,19.0,119,1,2021-12-14 09:03:59
1639472639599187000,18.95,1,18.9,5,19.0,121,2,2021-12-14 09:03:59
1639472639599187000,19.0,1,18.9,5,19.0,121,1,2021-12-14 09:03:59
1639472639818356000,19.0,100,18.95,1,19.0,35,1,2021-12-14 09:03:59
1639472639845991000,18.95,1,18.9,5,19.0,35,2,2021-12-14 09:03:59
1639472639855363000,19.0,32,18.9,5,19.0,3,1,2021-12-14 09:03:59
1639472639919475000,18.9,5,18.85,67,18.9,15,2,2021-12-14 09:03:59
1639472639921662000,18.85,9,18.85,58,18.9,15,2,2021-12-14 09:03:59
1639472640067714000,18.85,3,18.85,59,18.9,15,2,2021-12-14 09:04:00
1639472640204710000,18.9,5,18.85,59,18.9,10,1,2021-12-14 09:04:00
1639472640275412000,18.9,1,18.85,60,18.9,9,1,2021-12-14 09:04:00
1639472640433966000,18.9,1,18.85,60,18.9,8,1,2021-12-14 09:04:00
1639472641004581000,18.9,2,18.85,61,18.9,6,1,2021-12-14 09:04:01
1639472641055752000,18.85,1,18.85,60,18.9,6,2,2021-12-14 09:04:01
1639472641311110000,18.9,5,18.85,60,18.9,1,1,2021-12-14 09:04:01
1639472641346637000,18.9,1,18.85,60,18.95,1,1,2021-12-14 09:04:01
1639472641505102000,18.9,1,18.9,2,18.95,1,2,2021-12-14 09:04:01
1639472641535916000,18.9,1,18.9,1,18.95,1,2,2021-12-14 09:04:01
1639472641571033000,18.95,1,18.9,1,19.0,27,1,2021-12-14 09:04:01
1639472641649384000,18.9,1,18.85,82,19.0,27,2,2021-12-14 09:04:01
1639472641649384000,18.85,4,18.85,82,19.0,27,2,2021-12-14 09:04:01
1639472641790293000,19.0,1,18.85,117,19.0,28,1,2021-12-14 09:04:01
1639472642086767000,18.9,3,18.85,117,19.0,23,2,2021-12-14 09:04:02
1639472642086767000,19.0,7,18.85,117,19.0,23,1,2021-12-14 09:04:02
1639472642377879000,18.95,1,18.9,1,19.0,24,2,2021-12-14 09:04:02
1639472642401686000,18.9,1,18.85,117,19.0,24,2,2021-12-14 09:04:02
1639472642512955000,18.85,1,18.85,117,19.0,28,2,2021-12-14 09:04:02
1639472642615593000,19.0,2,18.85,117,19.0,36,1,2021-12-14 09:04:02
1639472642649217000,19.0,1,18.85,117,19.0,35,1,2021-12-14 09:04:02
1639472642677236000,19.0,3,18.85,117,19.0,32,1,2021-12-14 09:04:02
1639472642901890000,19.0,1,18.85,127,19.0,31,1,2021-12-14 09:04:02
1639472643354087000,18.9,1,18.85,101,19.0,35,2,2021-12-14 09:04:03
1639472643354087000,18.85,29,18.85,101,19.0,35,2,2021-12-14 09:04:03
1639472643404624000,19.0,1,18.85,106,19.0,41,1,2021-12-14 09:04:03
1639472643593429000,19.0,30,18.9,100,19.0,11,1,2021-12-14 09:04:03
1639472644059256000,19.0,13,18.95,2,19.1,22,1,2021-12-14 09:04:04
1639472644059256000,19.05,7,18.95,2,19.1,22,1,2021-12-14 09:04:04
1639472644177348000,19.1,10,18.95,2,19.1,12,1,2021-12-14 09:04:04
1639472644476525000,19.0,2,19.0,3,19.1,12,2,2021-12-14 09:04:04
1639472644533385000,19.0,3,18.95,2,19.0,7,2,2021-12-14 09:04:04
1639472644809974000,18.95,1,18.95,1,19.0,8,2,2021-12-14 09:04:04
1639472644874461000,18.95,1,18.9,116,19.0,8,2,2021-12-14 09:04:04
1639472644874461000,18.9,1,18.9,116,19.0,8,2,2021-12-14 09:04:04
1639472644997199000,19.0,2,18.9,116,19.0,6,1,2021-12-14 09:04:04
1639472645112395000,19.0,19,19.0,21,19.1,12,1,2021-12-14 09:04:05
1639472645145067000,19.1,5,19.0,21,19.1,7,1,2021-12-14 09:04:05
1639472645621156000,19.0,2,19.0,43,19.1,7,2,2021-12-14 09:04:05
1639472645633538000,19.0,1,19.0,42,19.1,7,2,2021-12-14 09:04:05
1639472645694822000,19.1,7,19.0,42,19.15,2,1,2021-12-14 09:04:05
1639472645694822000,19.15,3,19.0,42,19.15,2,1,2021-12-14 09:04:05
1639472645810421000,19.0,4,19.0,39,19.15,4,2,2021-12-14 09:04:05
1639472645812946000,19.15,1,19.0,39,19.15,3,1,2021-12-14 09:04:05
1639472645856612000,19.0,2,19.0,37,19.15,3,2,2021-12-14 09:04:05
1639472645891200000,19.0,5,19.0,32,19.15,3,2,2021-12-14 09:04:05
1639472646145075000,19.0,2,19.0,25,19.15,3,2,2021-12-14 09:04:06
1639472646145258000,19.0,5,19.0,25,19.15,3,2,2021-12-14 09:04:06
1639472646407315000,19.0,2,19.0,24,19.15,3,2,2021-12-14 09:04:06
1639472646583383000,19.0,2,19.0,22,19.15,3,2,2021-12-14 09:04:06
1639472646691365000,19.15,3,19.0,22,19.2,50,1,2021-12-14 09:04:06
1639472646691365000,19.2,2,19.0,22,19.2,50,1,2021-12-14 09:04:06
1639472646733411000,19.0,2,19.0,20,19.2,50,2,2021-12-14 09:04:06
1639472646979133000,19.0,10,19.0,10,19.2,50,2,2021-12-14 09:04:06
1639472647042825000,19.0,3,19.0,7,19.2,50,2,2021-12-14 09:04:07
1639472647199358000,19.2,5,19.0,7,19.2,45,1,2021-12-14 09:04:07
1639472647372594000,19.2,1,19.0,11,19.2,44,1,2021-12-14 09:04:07
1639472647537611000,19.0,1,19.0,10,19.2,44,2,2021-12-14 09:04:07
1639472647676642000,19.0,10,19.0,1,19.2,44,2,2021-12-14 09:04:07
1639472648182222000,19.1,2,19.0,15,19.2,40,1,2021-12-14 09:04:08
1639472648182222000,19.2,4,19.0,15,19.2,40,1,2021-12-14 09:04:08
1639472648363264000,19.1,1,19.0,7,19.2,40,2,2021-12-14 09:04:08
1639472648363264000,19.0,9,19.0,7,19.2,40,2,2021-12-14 09:04:08
1639472648508731000,19.1,2,19.0,5,19.2,40,1,2021-12-14 09:04:08
1639472648508731000,19.0,3,19.0,5,19.2,40,2,2021-12-14 09:04:08
1639472649137183000,19.2,1,19.0,25,19.2,39,1,2021-12-14 09:04:09
1639472649278019000,19.0,1,19.0,35,19.2,39,2,2021-12-14 09:04:09
1639472649358865000,19.0,1,19.0,35,19.2,39,2,2021-12-14 09:04:09
1639472649585480000,19.0,10,19.0,26,19.2,39,2,2021-12-14 09:04:09
1639472649604917000,19.0,2,19.0,24,19.2,39,2,2021-12-14 09:04:09
1639472649746350000,19.2,1,19.0,25,19.2,38,1,2021-12-14 09:04:09
1639472649978924000,19.0,2,19.0,23,19.2,38,2,2021-12-14 09:04:09
1639472650044577000,19.0,1,19.0,22,19.2,38,2,2021-12-14 09:04:10
1639472650122451000,19.2,2,19.0,22,19.2,36,1,2021-12-14 09:04:10
1639472650152820000,19.0,1,19.0,21,19.2,36,2,2021-12-14 09:04:10
1639472650470742000,19.0,1,19.0,20,19.2,36,2,2021-12-14 09:04:10
1639472650610335000,19.0,5,19.0,25,19.2,36,2,2021-12-14 09:04:10
1639472650627405000,19.0,3,19.0,22,19.2,36,2,2021-12-14 09:04:10
1639472650674117000,19.0,1,19.0,21,19.2,36,2,2021-12-14 09:04:10
1639472650718997000,19.0,3,19.0,18,19.2,36,2,2021-12-14 09:04:10
1639472651384259000,19.1,1,19.0,34,19.2,32,1,2021-12-14 09:04:11
1639472651384259000,19.2,4,19.0,34,19.2,32,1,2021-12-14 09:04:11
1639472651415753000,19.0,34,18.95,6,19.0,41,2,2021-12-14 09:04:11
1639472651515703000,19.0,5,18.95,6,19.0,36,1,2021-12-14 09:04:11
1639472651553309000,19.0,7,18.95,6,19.0,29,1,2021-12-14 09:04:11
1639472651582825000,19.0,1,18.95,6,19.0,28,1,2021-12-14 09:04:11
1639472651632159000,19.0,3,18.95,26,19.0,25,1,2021-12-14 09:04:11
1639472651657457000,19.0,1,18.95,26,19.0,24,1,2021-12-14 09:04:11
1639472651697286000,19.0,1,18.95,26,19.0,23,1,2021-12-14 09:04:11
1639472651707637000,19.0,2,18.95,26,19.0,21,1,2021-12-14 09:04:11
1639472651731881000,19.0,21,18.95,26,19.2,32,1,2021-12-14 09:04:11
1639472651959692000,19.0,4,18.95,26,19.2,26,1,2021-12-14 09:04:11
1639472651959692000,19.2,6,18.95,26,19.2,26,1,2021-12-14 09:04:11
1639472652128788000,19.1,2,18.95,26,19.2,25,2,2021-12-14 09:04:12
1639472652128788000,19.2,1,18.95,26,19.2,25,1,2021-12-14 09:04:12
1639472652261192000,19.0,1,18.95,17,19.2,25,2,2021-12-14 09:04:12
1639472652261192000,18.95,9,18.95,17,19.2,25,2,2021-12-14 09:04:12
1639472652385550000,19.2,1,18.95,17,19.2,25,1,2021-12-14 09:04:12
1639472652400359000,19.2,1,18.95,17,19.2,24,1,2021-12-14 09:04:12
1639472653072549000,19.0,2,18.95,17,19.0,3,2,2021-12-14 09:04:13
1639472653138681000,19.0,3,19.0,1,19.2,24,1,2021-12-14 09:04:13
1639472653239962000,19.0,2,19.0,5,19.2,25,2,2021-12-14 09:04:13
1639472653473336000,19.0,2,19.0,10,19.2,25,2,2021-12-14 09:04:13
1639472653586086000,19.0,3,19.0,7,19.2,25,2,2021-12-14 09:04:13
1639472653652709000,19.2,10,19.0,7,19.2,15,1,2021-12-14 09:04:13
1639472654011669000,19.2,10,19.15,1,19.2,9,1,2021-12-14 09:04:14
1639472654182983000,19.15,1,19.0,14,19.2,9,2,2021-12-14 09:04:14
1639472654293084000,19.0,1,19.0,23,19.2,9,2,2021-12-14 09:04:14
1639472654360469000,19.0,10,19.0,14,19.2,9,2,2021-12-14 09:04:14
1639472654579645000,19.0,2,19.0,12,19.2,9,2,2021-12-14 09:04:14
1639472654597586000,19.0,12,18.9,170,19.2,9,2,2021-12-14 09:04:14
1639472654597586000,18.95,17,18.9,170,19.2,9,2,2021-12-14 09:04:14
1639472654597586000,18.9,1,18.9,170,19.2,9,2,2021-12-14 09:04:14
1639472654702736000,18.9,10,18.9,160,19.2,9,2,2021-12-14 09:04:14
1639472654820213000,19.0,2,18.9,62,19.2,9,1,2021-12-14 09:04:14
1639472654820213000,18.9,98,18.9,62,19.2,9,2,2021-12-14 09:04:14
1639472654868104000,19.0,1,18.9,53,19.2,9,1,2021-12-14 09:04:14
1639472654868104000,18.9,9,18.9,53,19.2,9,2,2021-12-14 09:04:14
1639472654979990000,19.2,2,18.9,53,19.2,7,1,2021-12-14 09:04:14
1639472655092820000,19.0,1,19.0,3,19.2,7,2,2021-12-14 09:04:15
1639472655165154000,19.0,10,19.0,13,19.2,7,2,2021-12-14 09:04:15
1639472655179396000,19.2,1,19.0,13,19.2,6,1,2021-12-14 09:04:15
1639472655404906000,19.0,10,19.0,3,19.2,6,2,2021-12-14 09:04:15
1639472655465341000,19.2,6,19.0,9,19.3,26,1,2021-12-14 09:04:15
1639472655465341000,19.25,2,19.0,9,19.3,26,1,2021-12-14 09:04:15
1639472655465341000,19.3,8,19.0,9,19.3,26,1,2021-12-14 09:04:15
1639472655644103000,19.0,10,19.0,8,19.3,26,2,2021-12-14 09:04:15
1639472655765995000,19.0,5,19.0,3,19.3,26,2,2021-12-14 09:04:15
1639472656079676000,19.0,5,18.9,50,19.15,1,2,2021-12-14 09:04:16
1639472656079676000,18.95,1,18.9,50,19.15,1,2,2021-12-14 09:04:16
1639472656079676000,18.9,4,18.9,50,19.15,1,2,2021-12-14 09:04:16
1639472656154737000,19.0,1,18.9,50,19.15,1,1,2021-12-14 09:04:16
1639472656247937000,19.0,3,19.0,26,19.15,1,2,2021-12-14 09:04:16
1639472656265006000,19.0,1,19.0,28,19.15,1,2,2021-12-14 09:04:16
1639472656399757000,19.15,1,19.0,29,19.3,26,1,2021-12-14 09:04:16
1639472656504069000,19.0,10,19.0,24,19.3,26,2,2021-12-14 09:04:16
1639472656728574000,19.3,3,19.2,1,19.3,23,1,2021-12-14 09:04:16
1639472656859919000,19.2,1,19.0,24,19.2,9,2,2021-12-14 09:04:16
1639472656926325000,19.0,10,19.0,19,19.1,5,2,2021-12-14 09:04:16
1639472656982996000,19.1,5,19.1,94,19.2,9,1,2021-12-14 09:04:16
1639472657131445000,19.2,9,19.2,11,19.3,23,1,2021-12-14 09:04:17
1639472657181360000,19.2,3,19.2,8,19.3,23,2,2021-12-14 09:04:17
1639472657186054000,19.2,8,19.1,92,19.3,23,2,2021-12-14 09:04:17
1639472657186054000,19.1,2,19.1,92,19.3,23,2,2021-12-14 09:04:17
1639472657338675000,19.1,1,19.1,91,19.3,23,2,2021-12-14 09:04:17
1639472657392054000,19.1,10,19.1,81,19.3,23,2,2021-12-14 09:04:17
1639472657553244000,19.1,2,19.1,79,19.3,23,2,2021-12-14 09:04:17
1639472657578901000,19.1,10,19.1,69,19.3,23,2,2021-12-14 09:04:17
1639472657772684000,19.1,1,19.1,68,19.3,23,2,2021-12-14 09:04:17
1639472657868769000,19.1,10,19.1,58,19.3,23,2,2021-12-14 09:04:17
1639472658224189000,19.2,2,19.2,8,19.3,23,1,2021-12-14 09:04:18
1639472658613848000,19.2,8,19.1,56,19.3,23,2,2021-12-14 09:04:18
1639472658613848000,19.1,2,19.1,56,19.3,23,2,2021-12-14 09:04:18
1639472659220083000,19.1,1,19.1,55,19.3,23,2,2021-12-14 09:04:19
1639472659239552000,19.1,10,19.1,45,19.3,23,2,2021-12-14 09:04:19
1639472659313181000,19.15,1,19.1,45,19.3,23,1,2021-12-14 09:04:19
1639472659355958000,19.1,1,19.1,44,19.3,23,2,2021-12-14 09:04:19
1639472659826989000,19.1,4,19.1,40,19.3,28,2,2021-12-14 09:04:19
1639472659892047000,19.1,10,19.1,30,19.3,29,2,2021-12-14 09:04:19
1639472660891385000,19.2,1,19.1,30,19.3,29,1,2021-12-14 09:04:20
1639472661033314000,19.2,1,19.1,30,19.2,9,1,2021-12-14 09:04:21
1639472661119492000,19.2,1,19.1,30,19.2,8,1,2021-12-14 09:04:21
1639472661427120000,19.1,1,19.1,29,19.2,9,2,2021-12-14 09:04:21
1639472661431908000,19.1,3,19.1,26,19.2,9,2,2021-12-14 09:04:21
1639472661533378000,19.2,1,19.1,26,19.2,8,1,2021-12-14 09:04:21
1639472661840296000,19.2,1,19.1,28,19.2,27,1,2021-12-14 09:04:21
1639472661857517000,19.1,5,19.1,23,19.2,27,2,2021-12-14 09:04:21
1639472661858726000,19.1,1,19.1,22,19.2,27,2,2021-12-14 09:04:21
1639472662279979000,19.2,1,19.1,23,19.2,26,1,2021-12-14 09:04:22
1639472663032984000,19.1,1,19.1,23,19.2,31,2,2021-12-14 09:04:23
1639472663087269000,19.1,1,19.1,22,19.2,31,2,2021-12-14 09:04:23
1639472663179763000,19.2,1,19.1,26,19.2,30,1,2021-12-14 09:04:23
1639472663317809000,19.1,2,19.1,24,19.2,30,2,2021-12-14 09:04:23
1639472663335601000,19.2,3,19.1,24,19.2,27,1,2021-12-14 09:04:23
1639472663611865000,19.1,2,19.1,23,19.2,27,2,2021-12-14 09:04:23
1639472663632889000,19.2,3,19.1,23,19.2,24,1,2021-12-14 09:04:23
1639472663755613000,19.2,1,19.1,24,19.2,23,1,2021-12-14 09:04:23
1639472663800679000,19.2,1,19.1,24,19.2,22,1,2021-12-14 09:04:23
1639472664038529000,19.2,1,19.1,25,19.2,21,1,2021-12-14 09:04:24
1639472664216936000,19.1,1,19.1,25,19.2,21,2,2021-12-14 09:04:24
1639472664223702000,19.1,1,19.1,24,19.2,21,2,2021-12-14 09:04:24
1639472664568716000,19.2,5,19.1,25,19.2,17,1,2021-12-14 09:04:24
1639472664584342000,19.2,1,19.1,25,19.2,16,1,2021-12-14 09:04:24
1639472665031942000,19.1,5,19.1,21,19.2,17,2,2021-12-14 09:04:25
1639472665291377000,19.1,2,19.1,19,19.2,17,2,2021-12-14 09:04:25
1639472665312542000,19.2,1,19.1,19,19.2,16,1,2021-12-14 09:04:25
1639472665425037000,19.1,1,19.1,18,19.2,16,2,2021-12-14 09:04:25
1639472665606054000,19.1,3,19.1,15,19.2,16,2,2021-12-14 09:04:25
1639472666088513000,19.1,16,19.05,12,19.1,4,2,2021-12-14 09:04:26
1639472666275010000,19.1,2,19.05,12,19.1,32,1,2021-12-14 09:04:26
1639472666427574000,19.1,1,19.05,12,19.1,32,1,2021-12-14 09:04:26
1639472666447138000,19.1,2,19.05,12,19.1,30,1,2021-12-14 09:04:26
1639472666449377000,19.05,1,19.05,11,19.1,30,2,2021-12-14 09:04:26
1639472666491457000,19.1,2,19.05,21,19.1,28,1,2021-12-14 09:04:26
1639472666935707000,19.1,20,19.05,21,19.1,8,1,2021-12-14 09:04:26
1639472667065671000,19.1,1,19.05,21,19.1,7,1,2021-12-14 09:04:27
1639472667094501000,19.1,7,19.05,21,19.2,10,1,2021-12-14 09:04:27
1639472667094501000,19.2,13,19.05,21,19.2,10,1,2021-12-14 09:04:27
1639472667149282000,19.2,2,19.05,21,19.2,8,1,2021-12-14 09:04:27
1639472667583187000,19.1,1,19.1,1,19.15,5,2,2021-12-14 09:04:27
1639472667666323000,19.1,1,19.1,1,19.15,5,2,2021-12-14 09:04:27
1639472667717386000,19.15,5,19.1,1,19.2,8,1,2021-12-14 09:04:27
1639472667717386000,19.2,5,19.1,1,19.2,8,1,2021-12-14 09:04:27
1639472667802308000,19.2,2,19.1,1,19.2,6,1,2021-12-14 09:04:27
1639472667999015000,19.2,1,19.1,1,19.2,5,1,2021-12-14 09:04:27
1639472668599693000,19.2,2,19.1,5,19.2,12,1,2021-12-14 09:04:28
1639472668766907000,19.2,2,19.1,5,19.2,10,1,2021-12-14 09:04:28
1639472668794781000,19.2,1,19.1,5,19.2,9,1,2021-12-14 09:04:28
1639472668908361000,19.1,5,19.05,21,19.2,9,2,2021-12-14 09:04:28
1639472669187426000,19.1,6,19.05,21,19.1,14,2,2021-12-14 09:04:29
1639472669300280000,19.1,1,19.05,21,19.1,13,1,2021-12-14 09:04:29
1639472669381226000,19.1,1,19.05,21,19.1,12,1,2021-12-14 09:04:29
1639472669420219000,19.1,1,19.05,21,19.1,11,1,2021-12-14 09:04:29
1639472669548955000,19.1,1,19.05,21,19.1,10,1,2021-12-14 09:04:29
1639472669618104000,19.1,1,19.05,21,19.1,9,1,2021-12-14 09:04:29
1639472669642114000,19.1,9,19.05,21,19.2,11,1,2021-12-14 09:04:29
1639472669642114000,19.2,6,19.05,21,19.2,11,1,2021-12-14 09:04:29
1639472670151127000,19.2,13,19.1,5,19.25,49,1,2021-12-14 09:04:30
1639472670151127000,19.25,7,19.1,5,19.25,49,1,2021-12-14 09:04:30
1639472670184833000,19.1,1,19.1,4,19.25,49,2,2021-12-14 09:04:30
1639472671209035000,19.2,6,19.2,4,19.25,51,1,2021-12-14 09:04:31
1639472671930639000,19.2,1,19.2,4,19.25,51,2,2021-12-14 09:04:31
1639472672851930000,19.2,2,19.2,2,19.25,51,2,2021-12-14 09:04:32
1639472672940437000,19.2,2,19.15,4,19.2,1,2,2021-12-14 09:04:32
1639472672957951000,19.2,1,19.15,4,19.25,51,1,2021-12-14 09:04:32
1639472673231258000,19.2,1,19.15,4,19.2,1,2,2021-12-14 09:04:33
1639472673443632000,19.2,1,19.15,4,19.25,51,1,2021-12-14 09:04:33
1639472673460612000,19.15,4,19.1,22,19.25,51,2,2021-12-14 09:04:33
1639472673460612000,19.1,26,19.1,22,19.25,51,2,2021-12-14 09:04:33
1639472673552816000,19.1,10,19.1,13,19.25,51,2,2021-12-14 09:04:33
1639472673644024000,19.2,1,19.1,13,19.25,51,1,2021-12-14 09:04:33
1639472673644024000,19.1,1,19.1,13,19.25,51,2,2021-12-14 09:04:33
1639472673852533000,19.1,2,19.1,13,19.25,51,2,2021-12-14 09:04:33
1639472674517417000,19.2,1,19.2,1,19.25,51,1,2021-12-14 09:04:34
1639472674727240000,19.2,1,19.1,13,19.25,51,2,2021-12-14 09:04:34
1639472674793422000,19.25,2,19.1,13,19.25,49,1,2021-12-14 09:04:34
1639472674880265000,19.1,9,19.1,4,19.25,49,2,2021-12-14 09:04:34
1639472675113015000,19.25,2,19.1,4,19.25,47,1,2021-12-14 09:04:35
1639472675200449000,19.25,1,19.2,1,19.25,46,1,2021-12-14 09:04:35
1639472675303039000,19.25,1,19.2,1,19.25,45,1,2021-12-14 09:04:35
1639472675579586000,19.2,1,19.1,4,19.25,45,2,2021-12-14 09:04:35
1639472675738508000,19.2,1,19.2,4,19.25,45,1,2021-12-14 09:04:35
1639472675955209000,19.2,2,19.2,2,19.25,45,2,2021-12-14 09:04:35
1639472676397239000,19.2,1,19.2,3,19.25,45,2,2021-12-14 09:04:36
1639472676790293000,19.2,5,19.05,83,19.1,8,2,2021-12-14 09:04:36
1639472676790293000,19.1,7,19.05,83,19.1,8,2,2021-12-14 09:04:36
1639472676814069000,19.1,2,19.05,83,19.1,5,1,2021-12-14 09:04:36
1639472676814907000,19.1,1,19.05,83,19.1,5,1,2021-12-14 09:04:36
1639472677105031000,19.1,2,19.05,83,19.1,3,1,2021-12-14 09:04:37
1639472677239366000,19.1,3,19.1,7,19.25,65,1,2021-12-14 09:04:37
1639472677295267000,19.2,1,19.2,1,19.25,65,1,2021-12-14 09:04:37
1639472677331326000,19.25,10,19.2,1,19.25,55,1,2021-12-14 09:04:37
1639472677336276000,19.2,1,19.1,7,19.25,55,2,2021-12-14 09:04:37
1639472678021131000,19.25,5,19.2,5,19.25,50,1,2021-12-14 09:04:38
1639472678451794000,19.2,5,19.2,1,19.25,50,2,2021-12-14 09:04:38
1639472678640084000,19.2,1,19.15,2,19.2,3,2,2021-12-14 09:04:38
1639472678768711000,19.2,1,19.15,2,19.2,2,1,2021-12-14 09:04:38
1639472679335568000,19.2,2,19.2,8,19.25,50,1,2021-12-14 09:04:39
1639472680211883000,19.25,10,19.2,12,19.25,41,1,2021-12-14 09:04:40
1639472681183268000,19.2,2,19.2,12,19.25,42,2,2021-12-14 09:04:41
1639472681255698000,19.25,2,19.2,12,19.25,40,1,2021-12-14 09:04:41
1639472681352506000,19.25,4,19.2,22,19.25,36,1,2021-12-14 09:04:41
1639472681524686000,19.25,5,19.2,22,19.25,31,1,2021-12-14 09:04:41
1639472681546771000,19.2,10,19.2,12,19.25,31,2,2021-12-14 09:04:41
1639472681923178000,19.2,1,19.2,11,19.25,31,2,2021-12-14 09:04:41
1639472682413541000,19.2,1,19.2,11,19.25,36,2,2021-12-14 09:04:42
1639472682514927000,19.2,1,19.2,12,19.25,36,2,2021-12-14 09:04:42
1639472682746586000,19.25,20,19.2,12,19.25,16,1,2021-12-14 09:04:42
1639472682834845000,19.2,1,19.2,11,19.25,16,2,2021-12-14 09:04:42
1639472683070071000,19.25,1,19.2,13,19.25,15,1,2021-12-14 09:04:43
1639472683153100000,19.2,5,19.2,9,19.25,15,2,2021-12-14 09:04:43
1639472683272336000,19.25,2,19.2,9,19.25,13,1,2021-12-14 09:04:43
1639472683302083000,19.2,2,19.2,7,19.25,13,2,2021-12-14 09:04:43
1639472683620572000,19.2,6,19.2,1,19.25,13,2,2021-12-14 09:04:43
1639472683774968000,19.25,2,19.2,1,19.25,11,1,2021-12-14 09:04:43
1639472684437231000,19.25,5,19.2,6,19.25,6,1,2021-12-14 09:04:44
1639472684472044000,19.25,3,19.2,6,19.25,3,1,2021-12-14 09:04:44
1639472684727003000,19.2,1,19.2,6,19.25,3,2,2021-12-14 09:04:44
1639472685355941000,19.25,2,19.2,13,19.25,1,1,2021-12-14 09:04:45
1639472685442323000,19.25,1,19.2,25,19.3,58,1,2021-12-14 09:04:45
1639472685442323000,19.3,9,19.2,25,19.3,58,1,2021-12-14 09:04:45
1639472685627223000,19.3,10,19.2,25,19.3,48,1,2021-12-14 09:04:45
1639472685790532000,19.3,1,19.2,25,19.3,47,1,2021-12-14 09:04:45
1639472685966472000,19.2,26,19.15,4,19.3,47,2,2021-12-14 09:04:45
1639472686184934000,19.2,1,19.15,4,19.3,47,2,2021-12-14 09:04:46
1639472686412259000,19.2,2,19.15,5,19.2,3,2,2021-12-14 09:04:46
1639472686475754000,19.2,1,19.15,5,19.2,2,1,2021-12-14 09:04:46
1639472686576211000,19.2,1,19.15,5,19.2,4,1,2021-12-14 09:04:46
1639472686579367000,19.2,1,19.15,5,19.2,3,1,2021-12-14 09:04:46
1639472686602451000,19.2,1,19.15,5,19.2,2,1,2021-12-14 09:04:46
1639472686702306000,19.2,1,19.15,5,19.2,4,1,2021-12-14 09:04:46
1639472686713845000,19.2,1,19.15,5,19.2,3,1,2021-12-14 09:04:46
1639472686726895000,19.2,1,19.15,5,19.2,2,1,2021-12-14 09:04:46
1639472686807952000,19.2,2,19.15,5,19.3,47,1,2021-12-14 09:04:46
1639472686881558000,19.3,47,19.15,5,19.35,108,1,2021-12-14 09:04:46
1639472686881558000,19.35,3,19.15,5,19.35,108,1,2021-12-14 09:04:46
1639472687162398000,19.25,1,19.2,3,19.35,108,2,2021-12-14 09:04:47
1639472687820629000,19.25,1,19.25,49,19.35,108,2,2021-12-14 09:04:47
1639472687839333000,19.25,14,19.25,35,19.35,108,2,2021-12-14 09:04:47
1639472687937470000,19.25,2,19.25,33,19.35,108,2,2021-12-14 09:04:47
1639472688020752000,19.25,10,19.25,23,19.35,108,2,2021-12-14 09:04:48
1639472688360319000,19.25,5,19.25,20,19.35,108,2,2021-12-14 09:04:48
1639472688891835000,19.35,2,19.25,21,19.35,106,1,2021-12-14 09:04:48
1639472688909259000,19.25,19,19.25,2,19.35,106,2,2021-12-14 09:04:48
1639472689226056000,19.25,2,19.2,22,19.35,106,2,2021-12-14 09:04:49
1639472689226056000,19.2,1,19.2,22,19.35,106,2,2021-12-14 09:04:49
1639472689351884000,19.25,1,19.25,4,19.35,106,1,2021-12-14 09:04:49
1639472689457340000,19.25,1,19.25,3,19.35,106,2,2021-12-14 09:04:49
1639472689534157000,19.25,1,19.25,2,19.35,106,2,2021-12-14 09:04:49
1639472689615311000,19.35,10,19.25,2,19.35,96,1,2021-12-14 09:04:49
1639472689677074000,19.25,2,19.15,17,19.2,25,2,2021-12-14 09:04:49
1639472689677074000,19.2,23,19.15,17,19.2,25,2,2021-12-14 09:04:49
1639472689748972000,19.2,1,19.15,17,19.2,24,1,2021-12-14 09:04:49
1639472689758678000,19.2,3,19.15,17,19.2,21,1,2021-12-14 09:04:49
1639472689779080000,19.2,1,19.15,17,19.2,20,1,2021-12-14 09:04:49
1639472689855125000,19.2,1,19.15,17,19.2,19,1,2021-12-14 09:04:49
1639472689988171000,19.2,5,19.15,17,19.2,14,1,2021-12-14 09:04:49
1639472690121153000,19.2,1,19.15,17,19.2,13,1,2021-12-14 09:04:50
1639472690221876000,19.2,1,19.15,17,19.2,12,1,2021-12-14 09:04:50
1639472690373674000,19.2,1,19.15,17,19.2,11,1,2021-12-14 09:04:50
1639472690528627000,19.2,1,19.15,17,19.2,10,1,2021-12-14 09:04:50
1639472690551051000,19.2,1,19.15,17,19.2,9,1,2021-12-14 09:04:50
1639472690571356000,19.2,1,19.15,17,19.2,8,1,2021-12-14 09:04:50
1639472690584350000,19.2,5,19.15,17,19.2,3,1,2021-12-14 09:04:50
1639472690598987000,19.2,3,19.3,1,19.35,96,1,2021-12-14 09:04:50
1639472690774466000,19.3,2,19.3,1,19.35,96,1,2021-12-14 09:04:50
1639472690817723000,19.35,10,19.3,1,19.35,86,1,2021-12-14 09:04:50
1639472691138895000,19.35,1,19.3,1,19.35,85,1,2021-12-14 09:04:51
1639472691421957000,19.3,1,19.2,3,19.3,9,2,2021-12-14 09:04:51
1639472691718484000,19.2,5,19.2,9,19.3,9,2,2021-12-14 09:04:51
1639472691961729000,19.25,1,19.2,12,19.25,23,1,2021-12-14 09:04:51
1639472691969632000,19.25,1,19.2,12,19.25,22,1,2021-12-14 09:04:51
1639472691976394000,19.25,1,19.2,12,19.25,21,1,2021-12-14 09:04:51
1639472692008334000,19.25,5,19.2,18,19.25,16,1,2021-12-14 09:04:52
1639472692313070000,19.25,1,19.2,22,19.25,15,1,2021-12-14 09:04:52
1639472692376013000,19.2,1,19.2,21,19.25,15,2,2021-12-14 09:04:52
1639472692406098000,19.2,5,19.2,16,19.25,15,2,2021-12-14 09:04:52
1639472692693044000,19.25,2,19.2,19,19.25,14,1,2021-12-14 09:04:52
1639472692915595000,19.25,3,19.2,25,19.25,11,1,2021-12-14 09:04:52
1639472693194412000,19.25,1,19.2,35,19.25,10,1,2021-12-14 09:04:53
1639472693431351000,19.25,10,19.2,45,19.3,10,1,2021-12-14 09:04:53
1639472693534501000,19.3,2,19.25,1,19.3,8,1,2021-12-14 09:04:53
1639472694659114000,19.25,1,19.25,5,19.3,8,2,2021-12-14 09:04:54
1639472695386338000,19.25,1,19.25,25,19.3,8,2,2021-12-14 09:04:55
1639472695882334000,19.3,1,19.25,25,19.3,7,1,2021-12-14 09:04:55
1639472696231594000,19.25,1,19.25,24,19.3,7,2,2021-12-14 09:04:56
1639472696428939000,19.3,1,19.25,24,19.3,6,1,2021-12-14 09:04:56
1639472696501570000,19.3,2,19.25,43,19.3,4,1,2021-12-14 09:04:56
1639472697371459000,19.3,1,19.25,43,19.3,3,1,2021-12-14 09:04:57
1639472697723568000,19.3,1,19.25,43,19.3,2,1,2021-12-14 09:04:57
1639472697900716000,19.25,1,19.25,44,19.3,2,2,2021-12-14 09:04:57
1639472698109943000,19.3,1,19.25,45,19.3,1,1,2021-12-14 09:04:58
1639472698517384000,19.3,1,19.25,52,19.35,86,1,2021-12-14 09:04:58
1639472698836641000,19.35,2,19.25,54,19.35,84,1,2021-12-14 09:04:58
1639472699281202000,19.35,10,19.3,3,19.35,74,1,2021-12-14 09:04:59
1639472699597157000,19.35,10,19.3,3,19.35,64,1,2021-12-14 09:04:59
1639472699742916000,19.35,1,19.3,3,19.35,63,1,2021-12-14 09:04:59
1639472699824143000,19.3,3,19.25,3,19.35,63,2,2021-12-14 09:04:59
1639472699824143000,19.25,60,19.25,3,19.35,63,2,2021-12-14 09:04:59
1639472699952995000,19.25,1,19.25,2,19.35,63,2,2021-12-14 09:04:59
1639472699999911000,19.3,1,19.3,4,19.35,63,1,2021-12-14 09:04:59
1639472700255715000,19.35,2,19.3,6,19.35,61,1,2021-12-14 09:05:00
1639472700595377000,19.35,10,19.3,6,19.35,51,1,2021-12-14 09:05:00
1639472700813140000,19.35,15,19.3,12,19.35,36,1,2021-12-14 09:05:00
1639472700872527000,19.35,2,19.3,12,19.35,34,1,2021-12-14 09:05:00
1639472701373799000,19.3,1,19.3,16,19.35,34,2,2021-12-14 09:05:01
1639472701675360000,19.35,1,19.3,16,19.35,32,1,2021-12-14 09:05:01
1639472701945427000,19.3,1,19.3,15,19.35,32,2,2021-12-14 09:05:01
1639472702037733000,19.35,2,19.3,16,19.35,30,1,2021-12-14 09:05:02
1639472702291698000,19.3,1,19.3,17,19.35,30,2,2021-12-14 09:05:02
1639472702302384000,19.3,5,19.3,12,19.35,30,2,2021-12-14 09:05:02
1639472702412467000,19.35,1,19.3,14,19.35,29,1,2021-12-14 09:05:02
1639472702875052000,19.35,2,19.3,15,19.35,27,1,2021-12-14 09:05:02
1639472703136201000,19.3,2,19.3,18,19.35,27,2,2021-12-14 09:05:03
1639472703570257000,19.35,1,19.3,31,19.35,26,1,2021-12-14 09:05:03
1639472704109579000,19.35,1,19.3,33,19.35,25,1,2021-12-14 09:05:04
1639472704178118000,19.3,10,19.3,23,19.35,25,2,2021-12-14 09:05:04
1639472704404045000,19.35,1,19.3,28,19.35,24,1,2021-12-14 09:05:04
1639472704887838000,19.35,2,19.3,29,19.35,22,1,2021-12-14 09:05:04
1639472704966449000,19.35,5,19.3,29,19.35,17,1,2021-12-14 09:05:04
1639472705365160000,19.35,6,19.3,29,19.35,11,1,2021-12-14 09:05:05
1639472705486624000,19.35,5,19.3,29,19.35,6,1,2021-12-14 09:05:05
1639472705628388000,19.35,6,19.3,30,19.4,24,1,2021-12-14 09:05:05
1639472705628388000,19.4,4,19.3,30,19.4,24,1,2021-12-14 09:05:05
1639472705754455000,19.3,10,19.3,26,19.4,24,2,2021-12-14 09:05:05
1639472706186182000,19.4,1,19.35,1,19.4,23,1,2021-12-14 09:05:06
1639472706426984000,19.4,5,19.35,1,19.4,18,1,2021-12-14 09:05:06
1639472706741190000,19.35,1,19.35,8,19.4,18,2,2021-12-14 09:05:06
1639472707145922000,19.35,2,19.35,8,19.4,68,2,2021-12-14 09:05:07
1639472707267379000,19.4,2,19.35,8,19.4,66,1,2021-12-14 09:05:07
1639472707447581000,19.35,1,19.35,7,19.4,66,2,2021-12-14 09:05:07
1639472707661310000,19.35,10,19.35,7,19.4,66,2,2021-12-14 09:05:07
1639472707671249000,19.35,5,19.35,2,19.4,66,2,2021-12-14 09:05:07
1639472707989601000,19.35,1,19.35,4,19.4,66,2,2021-12-14 09:05:07
1639472708571765000,19.4,1,19.35,6,19.4,65,1,2021-12-14 09:05:08
1639472708833277000,19.35,2,19.35,4,19.4,65,2,2021-12-14 09:05:08
1639472708903023000,19.4,20,19.35,5,19.4,45,1,2021-12-14 09:05:08
1639472709310099000,19.4,2,19.35,10,19.4,43,1,2021-12-14 09:05:09
1639472709863155000,19.4,1,19.35,29,19.4,42,1,2021-12-14 09:05:09
1639472709908135000,19.35,5,19.35,24,19.4,42,2,2021-12-14 09:05:09
1639472710131281000,19.4,1,19.35,27,19.4,41,1,2021-12-14 09:05:10
1639472711228685000,19.4,1,19.35,29,19.4,42,1,2021-12-14 09:05:11
1639472711377045000,19.4,1,19.35,34,19.4,41,1,2021-12-14 09:05:11
1639472711737667000,19.4,1,19.35,36,19.4,40,1,2021-12-14 09:05:11
1639472711794669000,19.4,40,19.4,10,19.45,24,1,2021-12-14 09:05:11
1639472712577625000,19.4,1,19.4,45,19.45,24,2,2021-12-14 09:05:12
1639472712919517000,19.4,2,19.4,43,19.45,24,2,2021-12-14 09:05:12
1639472713030846000,19.45,2,19.4,44,19.45,22,1,2021-12-14 09:05:13
1639472713329483000,19.4,1,19.4,43,19.45,22,2,2021-12-14 09:05:13
1639472713494947000,19.45,1,19.4,45,19.45,21,1,2021-12-14 09:05:13
1639472713909649000,19.4,10,19.4,35,19.45,21,2,2021-12-14 09:05:13
1639472714138991000,19.4,5,19.4,31,19.45,21,2,2021-12-14 09:05:14
1639472714732886000,19.4,2,19.4,30,19.45,21,2,2021-12-14 09:05:14
1639472715005831000,19.4,1,19.4,30,19.45,21,2,2021-12-14 09:05:15
1639472715090721000,19.45,5,19.4,30,19.45,16,1,2021-12-14 09:05:15
1639472715519101000,19.45,2,19.4,30,19.45,15,1,2021-12-14 09:05:15
1639472715966174000,19.45,6,19.4,34,19.45,9,1,2021-12-14 09:05:15
1639472716138939000,19.45,1,19.4,35,19.45,8,1,2021-12-14 09:05:16
1639472716273179000,19.45,1,19.4,37,19.45,7,1,2021-12-14 09:05:16
1639472716366691000,19.45,2,19.4,40,19.45,5,1,2021-12-14 09:05:16
1639472716521736000,19.45,3,19.4,40,19.45,2,1,2021-12-14 09:05:16
1639472716829100000,19.45,2,19.45,3,19.5,164,1,2021-12-14 09:05:16
1639472717523984000,19.45,1,19.45,15,19.5,167,2,2021-12-14 09:05:17
1639472717894006000,19.5,18,19.45,16,19.5,149,1,2021-12-14 09:05:17
1639472717897012000,19.5,1,19.45,16,19.5,148,1,2021-12-14 09:05:17
1639472718330080000,19.45,2,19.45,17,19.5,140,2,2021-12-14 09:05:18
1639472718581589000,19.5,5,19.45,18,19.5,135,1,2021-12-14 09:05:18
1639472718659008000,19.45,1,19.45,17,19.5,135,2,2021-12-14 09:05:18
1639472719054250000,19.5,1,19.45,17,19.5,134,1,2021-12-14 09:05:19
1639472719066119000,19.5,5,19.45,17,19.5,129,1,2021-12-14 09:05:19
1639472719308289000,19.5,1,19.45,17,19.5,128,1,2021-12-14 09:05:19
1639472719521956000,19.5,5,19.45,25,19.5,122,1,2021-12-14 09:05:19
1639472719704596000,19.45,25,19.4,76,19.45,25,2,2021-12-14 09:05:19
1639472719954248000,19.45,2,19.4,77,19.45,23,1,2021-12-14 09:05:19
1639472720109600000,19.45,1,19.4,78,19.45,23,1,2021-12-14 09:05:20
1639472720302336000,19.45,1,19.4,79,19.45,22,1,2021-12-14 09:05:20
1639472720514079000,19.4,5,19.4,75,19.45,22,2,2021-12-14 09:05:20
1639472720517485000,19.45,1,19.4,75,19.45,21,1,2021-12-14 09:05:20
1639472720634844000,19.45,2,19.4,75,19.45,19,1,2021-12-14 09:05:20
1639472720784491000,19.4,2,19.4,73,19.45,29,2,2021-12-14 09:05:20
1639472720961060000,19.45,1,19.4,73,19.45,28,1,2021-12-14 09:05:20
1639472721183332000,19.45,10,19.4,73,19.45,18,1,2021-12-14 09:05:21
1639472721350803000,19.45,2,19.4,74,19.45,16,1,2021-12-14 09:05:21
1639472721356773000,19.45,1,19.4,74,19.45,15,1,2021-12-14 09:05:21
1639472721373284000,19.45,1,19.4,74,19.45,14,1,2021-12-14 09:05:21
1639472721475065000,19.45,5,19.4,74,19.45,9,1,2021-12-14 09:05:21
1639472721623180000,19.45,1,19.4,94,19.45,8,1,2021-12-14 09:05:21
1639472721829251000,19.45,1,19.4,94,19.45,9,1,2021-12-14 09:05:21
1639472721992039000,19.45,1,19.4,94,19.45,8,1,2021-12-14 09:05:21
1639472722416238000,19.45,3,19.4,94,19.45,5,1,2021-12-14 09:05:22
1639472722696135000,19.45,1,19.4,106,19.45,3,1,2021-12-14 09:05:22
1639472722696336000,19.45,1,19.4,106,19.45,3,1,2021-12-14 09:05:22
1639472722869670000,19.45,1,19.4,106,19.45,2,1,2021-12-14 09:05:22
1639472722900852000,19.45,1,19.4,106,19.45,1,1,2021-12-14 09:05:22
1639472722989127000,19.4,5,19.4,102,19.45,1,2,2021-12-14 09:05:22
1639472723011878000,19.4,1,19.4,101,19.45,1,2,2021-12-14 09:05:23
1639472723249572000,19.45,1,19.4,101,19.5,129,1,2021-12-14 09:05:23
1639472723360955000,19.5,1,19.45,1,19.5,128,1,2021-12-14 09:05:23
1639472723406832000,19.5,1,19.45,1,19.5,127,1,2021-12-14 09:05:23
1639472724090379000,19.5,3,19.45,3,19.5,125,1,2021-12-14 09:05:24
1639472724151250000,19.5,6,19.45,3,19.5,119,1,2021-12-14 09:05:24
1639472724556782000,19.45,4,19.4,116,19.45,16,2,2021-12-14 09:05:24
1639472724593246000,19.45,2,19.4,117,19.45,14,1,2021-12-14 09:05:24
1639472724763895000,19.45,1,19.4,117,19.45,15,1,2021-12-14 09:05:24
1639472724902053000,19.45,1,19.4,117,19.45,14,1,2021-12-14 09:05:24
1639472724956008000,19.45,14,19.45,36,19.5,119,1,2021-12-14 09:05:24
1639472724982994000,19.5,51,19.45,37,19.5,68,1,2021-12-14 09:05:24
1639472724983391000,19.5,68,19.5,51,19.55,96,1,2021-12-14 09:05:24
1639472725222870000,19.5,1,19.5,50,19.55,96,2,2021-12-14 09:05:25
1639472725703911000,19.5,2,19.5,49,19.55,96,2,2021-12-14 09:05:25
1639472725775341000,19.55,1,19.5,49,19.55,95,1,2021-12-14 09:05:25
1639472725818326000,19.5,6,19.5,43,19.55,95,2,2021-12-14 09:05:25
1639472725907599000,19.5,43,19.45,46,19.5,7,2,2021-12-14 09:05:25
1639472725946154000,19.5,3,19.45,46,19.5,4,1,2021-12-14 09:05:25
1639472726402333000,19.45,2,19.45,44,19.5,4,2,2021-12-14 09:05:26
1639472726443579000,19.5,1,19.45,44,19.5,3,1,2021-12-14 09:05:26
1639472726515967000,19.5,1,19.45,44,19.5,2,1,2021-12-14 09:05:26
1639472726521769000,19.45,1,19.45,43,19.5,2,2,2021-12-14 09:05:26
1639472726724422000,19.45,2,19.45,43,19.5,55,2,2021-12-14 09:05:26
1639472726905208000,19.5,1,19.45,43,19.5,54,1,2021-12-14 09:05:26
1639472727063252000,19.45,15,19.45,28,19.5,54,2,2021-12-14 09:05:27
1639472727157395000,19.5,1,19.45,31,19.5,53,1,2021-12-14 09:05:27
1639472727409127000,19.5,10,19.45,33,19.5,43,1,2021-12-14 09:05:27
1639472727621631000,19.5,2,19.45,34,19.5,41,1,2021-12-14 09:05:27
1639472727735151000,19.5,10,19.45,35,19.5,31,1,2021-12-14 09:05:27
1639472727750630000,19.5,10,19.45,35,19.5,21,1,2021-12-14 09:05:27
1639472728099682000,19.5,1,19.45,35,19.5,20,1,2021-12-14 09:05:28
1639472728363121000,19.5,1,19.45,35,19.5,69,1,2021-12-14 09:05:28
1639472728444959000,19.5,1,19.45,35,19.5,68,1,2021-12-14 09:05:28
1639472728470450000,19.5,4,19.45,37,19.5,64,1,2021-12-14 09:05:28
1639472728774079000,19.5,10,19.45,39,19.5,54,1,2021-12-14 09:05:28
1639472728815810000,19.5,1,19.45,39,19.5,53,1,2021-12-14 09:05:28
1639472729134767000,19.45,1,19.45,39,19.5,54,2,2021-12-14 09:05:29
1639472729213079000,19.5,2,19.45,39,19.5,52,1,2021-12-14 09:05:29
1639472729228745000,19.5,1,19.45,39,19.5,51,1,2021-12-14 09:05:29
1639472729338068000,19.5,2,19.45,41,19.5,49,1,2021-12-14 09:05:29
1639472729372461000,19.5,3,19.45,41,19.5,46,1,2021-12-14 09:05:29
1639472729504582000,19.5,1,19.45,44,19.5,45,1,2021-12-14 09:05:29
1639472729607234000,19.5,3,19.45,45,19.5,42,1,2021-12-14 09:05:29
1639472729733743000,19.5,1,19.45,45,19.5,41,1,2021-12-14 09:05:29
1639472729738768000,19.5,3,19.45,45,19.5,38,1,2021-12-14 09:05:29
1639472729859648000,19.5,1,19.45,46,19.5,37,1,2021-12-14 09:05:29
1639472729868929000,19.45,9,19.45,37,19.5,37,2,2021-12-14 09:05:29
1639472729951485000,19.5,1,19.45,38,19.5,36,1,2021-12-14 09:05:29
1639472730079989000,19.5,1,19.45,39,19.5,35,1,2021-12-14 09:05:30
1639472730327661000,19.5,5,19.45,40,19.5,30,1,2021-12-14 09:05:30
1639472730490048000,19.5,1,19.45,40,19.5,29,1,2021-12-14 09:05:30
1639472730500821000,19.5,29,19.45,40,19.55,138,1,2021-12-14 09:05:30
1639472730500821000,19.55,1,19.45,40,19.55,138,1,2021-12-14 09:05:30
1639472730680484000,19.5,1,19.5,5,19.55,138,2,2021-12-14 09:05:30
1639472730712144000,19.55,1,19.5,5,19.55,137,1,2021-12-14 09:05:30
1639472730725799000,19.5,1,19.5,4,19.55,137,2,2021-12-14 09:05:30
1639472730912536000,19.55,3,19.5,24,19.55,134,1,2021-12-14 09:05:30
1639472731154758000,19.55,5,19.5,25,19.55,129,1,2021-12-14 09:05:31
1639472731500477000,19.5,5,19.5,26,19.55,129,2,2021-12-14 09:05:31
1639472731551501000,19.55,5,19.5,37,19.55,124,1,2021-12-14 09:05:31
1639472731896673000,19.5,2,19.5,37,19.55,124,2,2021-12-14 09:05:31
1639472732330279000,19.5,2,19.5,38,19.55,124,2,2021-12-14 09:05:32
1639472733177088000,19.5,3,19.5,41,19.55,124,2,2021-12-14 09:05:33
1639472733505368000,19.5,2,19.5,40,19.55,125,2,2021-12-14 09:05:33
1639472733608626000,19.55,2,19.5,50,19.55,123,1,2021-12-14 09:05:33
1639472733856748000,19.55,1,19.5,50,19.55,122,1,2021-12-14 09:05:33
1639472734296098000,19.55,5,19.5,53,19.55,117,1,2021-12-14 09:05:34
1639472735158682000,19.55,1,19.5,57,19.55,116,1,2021-12-14 09:05:35
1639472735260822000,19.55,10,19.5,58,19.55,106,1,2021-12-14 09:05:35
1639472735561796000,19.55,1,19.5,58,19.55,105,1,2021-12-14 09:05:35
1639472735954070000,19.55,1,19.5,63,19.55,104,1,2021-12-14 09:05:35
1639472736131998000,19.5,4,19.5,61,19.55,104,2,2021-12-14 09:05:36
1639472736151587000,19.5,1,19.5,60,19.55,104,2,2021-12-14 09:05:36
1639472736429199000,19.55,2,19.5,64,19.55,102,1,2021-12-14 09:05:36
1639472736535011000,19.55,1,19.5,79,19.55,102,1,2021-12-14 09:05:36
1639472736652868000,19.5,1,19.5,82,19.55,102,2,2021-12-14 09:05:36
1639472736881958000,19.55,2,19.5,83,19.55,100,1,2021-12-14 09:05:36
1639472737082290000,19.55,1,19.5,83,19.55,99,1,2021-12-14 09:05:37
1639472737087111000,19.5,5,19.5,78,19.55,99,2,2021-12-14 09:05:37
1639472737201662000,19.55,1,19.5,78,19.55,98,1,2021-12-14 09:05:37
1639472737674350000,19.55,1,19.5,81,19.55,97,1,2021-12-14 09:05:37
1639472737743719000,19.55,5,19.5,81,19.55,92,1,2021-12-14 09:05:37
1639472737801391000,19.55,3,19.5,83,19.55,89,1,2021-12-14 09:05:37
1639472737966070000,19.55,2,19.5,83,19.55,87,1,2021-12-14 09:05:37
1639472737999774000,19.5,10,19.5,73,19.55,87,2,2021-12-14 09:05:37
1639472738145608000,19.55,1,19.5,73,19.55,86,1,2021-12-14 09:05:38
1639472738374495000,19.5,2,19.5,78,19.55,86,2,2021-12-14 09:05:38
1639472738514126000,19.55,1,19.5,79,19.55,85,1,2021-12-14 09:05:38
1639472738537353000,19.55,1,19.5,79,19.55,84,1,2021-12-14 09:05:38
1639472738696877000,19.55,30,19.5,81,19.55,54,1,2021-12-14 09:05:38
1639472738796583000,19.55,3,19.5,82,19.55,51,1,2021-12-14 09:05:38
1639472738861125000,19.55,1,19.5,82,19.55,50,1,2021-12-14 09:05:38
1639472738909987000,19.55,3,19.5,82,19.55,47,1,2021-12-14 09:05:38
1639472738926515000,19.55,1,19.5,82,19.55,46,1,2021-12-14 09:05:38
1639472739122385000,19.55,5,19.5,83,19.55,41,1,2021-12-14 09:05:39
1639472739183797000,19.55,1,19.5,84,19.55,40,1,2021-12-14 09:05:39
1639472739185340000,19.55,1,19.5,84,19.55,39,1,2021-12-14 09:05:39
1639472739264959000,19.55,1,19.5,84,19.55,38,1,2021-12-14 09:05:39
1639472739346821000,19.55,2,19.5,85,19.55,36,1,2021-12-14 09:05:39
1639472739380135000,19.55,36,19.55,15,19.6,195,1,2021-12-14 09:05:39
1639472739662425000,19.6,1,19.55,27,19.6,194,1,2021-12-14 09:05:39
1639472739765086000,19.6,30,19.55,27,19.6,164,1,2021-12-14 09:05:39
1639472740183949000,19.6,20,19.55,28,19.6,145,1,2021-12-14 09:05:40
1639472740509012000,19.55,4,19.55,39,19.6,145,2,2021-12-14 09:05:40
1639472741720793000,19.6,1,19.55,104,19.6,144,1,2021-12-14 09:05:41
1639472741982806000,19.55,1,19.55,104,19.6,143,2,2021-12-14 09:05:41
1639472742030700000,19.6,5,19.55,105,19.6,138,1,2021-12-14 09:05:42
1639472742193618000,19.55,1,19.55,137,19.6,138,2,2021-12-14 09:05:42
1639472742502091000,19.6,1,19.55,152,19.6,137,1,2021-12-14 09:05:42
1639472742608901000,19.55,2,19.55,156,19.6,137,2,2021-12-14 09:05:42
1639472742791398000,19.6,1,19.55,158,19.6,136,1,2021-12-14 09:05:42
1639472742811263000,19.55,2,19.55,156,19.6,136,2,2021-12-14 09:05:42
1639472743004988000,19.6,22,19.55,165,19.6,114,1,2021-12-14 09:05:43
1639472743042341000,19.55,10,19.55,155,19.6,114,2,2021-12-14 09:05:43
1639472743158511000,19.6,5,19.55,155,19.6,109,1,2021-12-14 09:05:43
1639472743243877000,19.6,2,19.55,155,19.6,107,1,2021-12-14 09:05:43
1639472743820975000,19.6,1,19.55,158,19.6,106,1,2021-12-14 09:05:43
1639472744091425000,19.6,5,19.55,162,19.6,101,1,2021-12-14 09:05:44
1639472744138982000,19.6,1,19.55,162,19.6,100,1,2021-12-14 09:05:44
1639472744183890000,19.6,1,19.55,162,19.6,99,1,2021-12-14 09:05:44
1639472744215857000,19.6,1,19.55,162,19.6,98,1,2021-12-14 09:05:44
1639472744358591000,19.6,1,19.55,162,19.6,97,1,2021-12-14 09:05:44
1639472744370971000,19.6,1,19.55,162,19.6,96,1,2021-12-14 09:05:44
1639472744734659000,19.6,1,19.55,164,19.6,145,1,2021-12-14 09:05:44
1639472744799897000,19.6,2,19.55,164,19.6,143,1,2021-12-14 09:05:44
1639472744959576000,19.6,1,19.55,164,19.6,142,1,2021-12-14 09:05:44
1639472745919047000,19.6,1,19.55,172,19.6,145,1,2021-12-14 09:05:45
1639472745933365000,19.6,1,19.55,172,19.6,144,1,2021-12-14 09:05:45
1639472746123196000,19.6,5,19.55,172,19.6,139,1,2021-12-14 09:05:46
1639472746193006000,19.6,1,19.55,172,19.6,138,1,2021-12-14 09:05:46
