ts,close,volume,bid_price,bid_volume,ask_price,ask_volume,tick_type,datetime
1639472535631562000,30.55,310,30.5,3,30.55,3,0,2021-12-14 09:02:15
1639472535658672000,30.5,3,30.45,1,30.55,3,2,2021-12-14 09:02:15
1639472535770194000,30.45,1,30.4,3,30.55,3,2,2021-12-14 09:02:15
1639472536307414000,30.4,3,30.2,1,30.5,3,2,2021-12-14 09:02:16
1639472536307414000,30.35,13,30.2,1,30.5,3,2,2021-12-14 09:02:16
1639472542259816000,30.2,1,30.05,9,30.35,1,2,2021-12-14 09:02:22
1639472546135002000,30.05,8,30.0,11,30.35,2,2,2021-12-14 09:02:26
1639472546135002000,30.0,4,30.0,11,30.35,2,2,2021-12-14 09:02:26
1639472547657499000,30.0,1,30.0,10,30.35,2,2,2021-12-14 09:02:27
1639472549738593000,30.0,10,29.85,5,30.35,3,2,2021-12-14 09:02:29
1639472551845830000,29.85,4,29.85,1,30.0,1,2,2021-12-14 09:02:31
1639472551858912000,30.0,1,29.85,1,30.3,2,1,2021-12-14 09:02:31
1639472551901436000,29.85,1,29.8,4,30.3,1,2,2021-12-14 09:02:31
1639472551901436000,29.8,3,29.8,4,30.3,1,2,2021-12-14 09:02:31
1639472554145342000,29.8,1,29.8,3,30.2,3,2,2021-12-14 09:02:34
1639472556670372000,29.8,1,29.8,2,30.2,3,2,2021-12-14 09:02:36
1639472557459016000,29.8,1,29.8,1,30.2,3,2,2021-12-14 09:02:37
1639472559514999000,29.8,1,29.8,1,30.2,3,2,2021-12-14 09:02:39
1639472561039178000,29.8,1,29.8,1,30.2,3,2,2021-12-14 09:02:41
1639472563928558000,29.8,1,29.75,1,30.1,3,2,2021-12-14 09:02:43
1639472566021499000,29.8,1,29.8,1,30.1,3,2,2021-12-14 09:02:46
1639472567028126000,29.8,1,29.75,1,30.1,3,2,2021-12-14 09:02:47
1639472567554502000,30.0,1,29.75,1,30.05,1,1,2021-12-14 09:02:47
1639472569277760000,29.8,2,29.8,1,30.05,1,2,2021-12-14 09:02:49
1639472570127618000,30.05,1,29.8,1,30.1,1,1,2021-12-14 09:02:50
1639472570127618000,30.1,2,29.8,1,30.1,1,1,2021-12-14 09:02:50
1639472571169589000,30.05,1,29.8,1,30.1,1,2,2021-12-14 09:02:51
1639472578607808000,29.8,2,29.8,2,30.1,1,2,2021-12-14 09:02:58
1639472579746054000,30.0,1,29.8,3,30.05,1,1,2021-12-14 09:02:59
1639472580398724000,30.05,1,29.8,3,30.1,1,1,2021-12-14 09:03:00
1639472584101310000,30.0,1,30.05,2,30.1,1,2,2021-12-14 09:03:04
1639472584101310000,30.05,1,30.05,2,30.1,1,1,2021-12-14 09:03:04
1639472584129048000,30.05,2,29.8,5,30.1,1,2,2021-12-14 09:03:04
1639472584130717000,30.1,1,29.8,5,30.3,1,1,2021-12-14 09:03:04
1639472587245607000,29.8,1,29.8,14,30.3,3,2,2021-12-14 09:03:07
1639472594021226000,29.8,1,29.8,14,30.25,1,2,2021-12-14 09:03:14
1639472601085599000,29.9,1,29.85,6,30.15,1,1,2021-12-14 09:03:21
1639472601085599000,29.85,1,29.85,6,30.15,1,2,2021-12-14 09:03:21
1639472602519468000,29.9,1,29.9,3,30.1,1,1,2021-12-14 09:03:22
1639472610909166000,29.9,4,29.85,3,30.0,1,2,2021-12-14 09:03:30
1639472610909166000,29.85,5,29.85,3,30.0,1,2,2021-12-14 09:03:30
1639472619420436000,29.95,5,29.9,11,30.0,2,1,2021-12-14 09:03:39
1639472620156923000,29.9,2,29.9,9,29.95,1,2,2021-12-14 09:03:40
1639472622341522000,29.9,5,29.9,5,29.95,1,2,2021-12-14 09:03:42
1639472622369604000,29.9,5,29.85,4,29.95,1,2,2021-12-14 09:03:42
1639472623176331000,29.85,4,29.8,18,29.9,1,2,2021-12-14 09:03:43
1639472623176331000,29.8,1,29.8,18,29.9,1,2,2021-12-14 09:03:43
1639472624904579000,29.9,1,29.85,1,29.95,1,1,2021-12-14 09:03:44
1639472633210370000,29.85,2,29.85,10,29.9,1,2,2021-12-14 09:03:53
1639472638702609000,29.9,1,29.85,11,29.9,1,1,2021-12-14 09:03:58
1639472639663536000,29.9,1,29.85,11,29.95,2,1,2021-12-14 09:03:59
1639472639694472000,29.85,1,29.85,10,29.95,2,2,2021-12-14 09:03:59
1639472641003560000,29.95,2,29.9,1,30.0,1,1,2021-12-14 09:04:01
1639472644144181000,29.9,6,29.85,10,29.95,2,2,2021-12-14 09:04:04
1639472644179379000,29.95,2,29.85,10,30.0,1,1,2021-12-14 09:04:04
1639472644219905000,30.0,1,29.85,10,30.1,1,1,2021-12-14 09:04:04
1639472650823968000,29.9,1,29.85,13,30.1,1,2,2021-12-14 09:04:10
1639472652619131000,30.1,1,29.9,1,30.2,1,1,2021-12-14 09:04:12
1639472652619131000,30.15,1,29.9,1,30.2,1,1,2021-12-14 09:04:12
1639472657260742000,29.9,1,29.85,13,30.1,1,2,2021-12-14 09:04:17
1639472662362212000,29.9,1,29.85,18,30.0,1,2,2021-12-14 09:04:22
1639472665437519000,29.9,1,29.85,20,30.0,1,2,2021-12-14 09:04:25
1639472668485775000,29.9,5,29.85,20,30.0,1,2,2021-12-14 09:04:28
1639472670218118000,29.9,2,29.85,20,30.0,1,2,2021-12-14 09:04:30
1639472675031863000,29.9,7,29.85,21,30.0,1,2,2021-12-14 09:04:35
1639472682111114000,29.85,20,29.85,1,30.0,1,2,2021-12-14 09:04:42
1639472682138695000,29.85,1,29.8,30,30.0,2,2,2021-12-14 09:04:42
1639472682210781000,29.9,3,29.8,30,29.95,1,1,2021-12-14 09:04:42
1639472684637398000,29.9,3,29.9,2,29.95,1,2,2021-12-14 09:04:44
1639472684666617000,29.9,1,29.9,1,29.95,1,2,2021-12-14 09:04:44
1639472686119702000,29.9,1,29.8,40,29.9,2,2,2021-12-14 09:04:46
1639472700795253000,29.9,1,29.8,48,29.9,1,1,2021-12-14 09:05:00
1639472700823486000,29.9,1,29.8,48,29.95,1,1,2021-12-14 09:05:00
1639472705863341000,29.9,5,29.8,13,29.95,1,2,2021-12-14 09:05:05
1639472705863341000,29.85,1,29.8,13,29.95,1,2,2021-12-14 09:05:05
1639472705863341000,29.8,36,29.8,13,29.95,1,2,2021-12-14 09:05:05
1639472718749121000,29.8,1,29.8,14,29.9,5,2,2021-12-14 09:05:18
1639472738421828000,29.8,1,29.8,13,29.85,1,2,2021-12-14 09:05:38
1639472739044650000,29.8,1,29.8,12,29.85,1,2,2021-12-14 09:05:39
1639472739064997000,29.8,1,29.8,11,29.85,1,2,2021-12-14 09:05:39
1639472739083910000,29.8,1,29.8,10,29.85,1,2,2021-12-14 09:05:39
1639472739113231000,29.8,10,29.75,20,29.85,1,2,2021-12-14 09:05:39
1639472741501898000,29.8,1,29.75,20,29.8,9,1,2021-12-14 09:05:41
1639472742296368000,29.8,2,29.75,20,29.8,7,1,2021-12-14 09:05:42
1639472745717120000,29.75,1,29.75,19,29.8,7,2,2021-12-14 09:05:45
1639472745757696000,29.75,1,29.75,18,29.8,7,2,2021-12-14 09:05:45
1639472745799768000,29.75,1,29.75,17,29.8,7,2,2021-12-14 09:05:45
1639472748117852000,29.8,2,29.75,17,29.8,5,1,2021-12-14 09:05:48
1639472750945833000,29.8,2,29.75,17,29.8,3,1,2021-12-14 09:05:50
1639472752909608000,29.8,1,29.75,17,29.8,2,1,2021-12-14 09:05:52
1639472766063698000,29.8,2,29.75,17,29.85,1,1,2021-12-14 09:06:06
1639472768126699000,29.8,1,29.75,17,29.85,1,2,2021-12-14 09:06:08
1639472770673932000,29.75,17,29.7,9,29.85,2,2,2021-12-14 09:06:10
1639472770940600000,29.7,5,29.7,4,29.8,1,2,2021-12-14 09:06:10
1639472770968886000,29.7,4,29.65,4,29.8,1,2,2021-12-14 09:06:10
1639472771212418000,29.65,4,29.6,9,29.8,1,2,2021-12-14 09:06:11
1639472779648518000,29.6,9,29.55,9,29.75,2,2,2021-12-14 09:06:19
1639472782323764000,29.65,1,29.6,1,29.7,1,1,2021-12-14 09:06:22
1639472783007652000,29.6,1,29.55,9,29.7,1,2,2021-12-14 09:06:23
1639472796763006000,29.55,10,29.55,3,29.7,1,2,2021-12-14 09:06:36
1639472796798145000,29.55,3,29.5,13,29.7,2,2,2021-12-14 09:06:36
1639472796899888000,29.5,2,29.5,11,29.65,1,2,2021-12-14 09:06:36
1639472799625113000,29.5,11,29.4,5,29.5,39,2,2021-12-14 09:06:39
1639472799690515000,29.5,0,0.0,0,0.0,0,1,2021-12-14 09:06:39
1639472920236060000,29.6,80,29.6,30,29.65,6,1,2021-12-14 09:08:40
1639472920273891000,29.6,8,29.6,22,29.65,6,2,2021-12-14 09:08:40
1639472920320072000,29.6,9,29.6,13,29.65,6,2,2021-12-14 09:08:40
1639472920331533000,29.6,1,29.6,12,29.65,6,2,2021-12-14 09:08:40
1639472920361203000,29.6,1,29.6,11,29.65,6,2,2021-12-14 09:08:40
1639472920373156000,29.6,3,29.6,5,29.65,6,2,2021-12-14 09:08:40
1639472920373176000,29.6,3,29.6,5,29.65,6,2,2021-12-14 09:08:40
1639472920472693000,29.6,5,29.55,1,29.65,6,2,2021-12-14 09:08:40
1639472924705525000,29.6,1,29.55,1,29.6,1,1,2021-12-14 09:08:44
1639472929770641000,29.6,1,29.55,2,29.65,6,1,2021-12-14 09:08:49
1639472933105371000,29.55,3,29.5,8,29.55,17,2,2021-12-14 09:08:53
1639472934147365000,29.5,8,29.4,9,29.5,12,2,2021-12-14 09:08:54
1639472934375529000,29.5,2,29.4,9,29.5,10,1,2021-12-14 09:08:54
1639472942926030000,29.45,1,29.4,9,29.6,5,2,2021-12-14 09:09:02
1639472951133706000,29.4,1,29.4,8,29.6,7,2,2021-12-14 09:09:11
1639472951169156000,29.4,8,29.35,7,29.6,7,2,2021-12-14 09:09:11
1639472951503217000,29.55,1,29.35,7,29.55,2,1,2021-12-14 09:09:11
1639472952102185000,29.35,7,29.3,11,29.35,2,2,2021-12-14 09:09:12
1639472952136944000,29.3,11,29.25,2,29.35,2,2,2021-12-14 09:09:12
1639472952338855000,29.35,2,29.25,2,29.55,3,1,2021-12-14 09:09:12
1639472960206904000,29.4,2,29.4,48,29.55,1,1,2021-12-14 09:09:20
1639472967115875000,29.4,2,29.4,46,29.6,7,2,2021-12-14 09:09:27
1639472967407014000,29.4,1,29.4,45,29.6,7,2,2021-12-14 09:09:27
1639472969825070000,29.5,3,29.45,1,29.6,7,1,2021-12-14 09:09:29
1639472975445640000,29.45,1,29.4,42,29.6,7,2,2021-12-14 09:09:35
1639472975445640000,29.4,3,29.4,42,29.6,7,2,2021-12-14 09:09:35
1639472979923864000,29.45,1,29.4,42,29.5,1,1,2021-12-14 09:09:39
1639472980123543000,29.5,1,29.4,42,29.6,8,1,2021-12-14 09:09:40
1639472993034755000,29.55,1,29.5,10,29.6,8,1,2021-12-14 09:09:53
1639472995710547000,29.55,5,29.5,10,29.6,12,1,2021-12-14 09:09:55
1639472998950665000,29.55,1,29.5,11,29.6,12,1,2021-12-14 09:09:58
1639473003031627000,29.55,1,29.55,1,29.6,12,2,2021-12-14 09:10:03
1639473003067157000,29.55,1,29.5,11,29.6,12,2,2021-12-14 09:10:03
1639473003144094000,29.5,1,29.5,10,29.6,12,2,2021-12-14 09:10:03
1639473004049483000,29.6,1,29.5,10,29.6,11,1,2021-12-14 09:10:04
1639473017255493000,29.55,3,29.5,15,29.55,2,2,2021-12-14 09:10:17
1639473031693760000,29.5,17,29.45,11,29.55,10,2,2021-12-14 09:10:31
1639473032174554000,29.45,11,29.4,42,29.5,35,2,2021-12-14 09:10:32
1639473032975500000,29.4,42,29.2,4,29.25,140,2,2021-12-14 09:10:32
1639473032975500000,29.3,2,29.2,4,29.25,140,2,2021-12-14 09:10:32
1639473032975500000,29.25,3,29.2,4,29.25,140,2,2021-12-14 09:10:32
1639473033365118000,29.2,1,29.2,3,29.25,140,2,2021-12-14 09:10:33
1639473033499877000,29.25,10,29.2,3,29.25,130,1,2021-12-14 09:10:33
1639473033806382000,29.25,1,29.2,3,29.25,129,1,2021-12-14 09:10:33
1639473041632843000,29.2,1,29.2,3,29.5,35,2,2021-12-14 09:10:41
1639473056846778000,29.3,1,29.2,5,29.45,5,1,2021-12-14 09:10:56
1639473057286638000,29.2,2,29.2,3,29.45,5,2,2021-12-14 09:10:57
1639473060492631000,29.2,3,29.15,1,29.45,5,2,2021-12-14 09:11:00
1639473065811092000,29.4,1,29.3,50,29.45,5,1,2021-12-14 09:11:05
1639473087165924000,29.4,2,29.35,1,29.45,6,1,2021-12-14 09:11:27
1639473089064348000,29.45,6,29.4,1,29.5,35,1,2021-12-14 09:11:29
1639473105480021000,29.45,1,29.45,1,29.5,35,2,2021-12-14 09:11:45
1639473115861623000,29.45,1,29.4,2,29.5,35,2,2021-12-14 09:11:55
1639473120404468000,29.45,1,29.5,4,29.55,5,1,2021-12-14 09:12:00
1639473120404468000,29.5,35,29.5,4,29.55,5,1,2021-12-14 09:12:00
1639473124711791000,29.55,2,29.5,4,29.55,3,1,2021-12-14 09:12:04
1639473125788839000,29.5,1,29.5,3,29.55,3,2,2021-12-14 09:12:05
1639473127731451000,29.55,3,29.55,7,29.6,16,1,2021-12-14 09:12:07
1639473131233010000,29.6,1,29.55,9,29.6,15,1,2021-12-14 09:12:11
1639473131543744000,29.6,2,29.55,9,29.6,13,1,2021-12-14 09:12:11
1639473133378733000,29.6,1,29.55,9,29.6,12,1,2021-12-14 09:12:13
1639473136241858000,29.6,5,29.55,9,29.6,7,1,2021-12-14 09:12:16
1639473136825103000,29.55,1,29.55,8,29.6,7,2,2021-12-14 09:12:16
1639473140615104000,29.6,5,29.55,8,29.6,2,1,2021-12-14 09:12:20
1639473141575663000,29.6,13,29.55,8,29.8,5,1,2021-12-14 09:12:21
1639473141575663000,29.65,10,29.55,8,29.8,5,1,2021-12-14 09:12:21
1639473141575663000,29.7,10,29.55,8,29.8,5,1,2021-12-14 09:12:21
1639473141575663000,29.8,7,29.55,8,29.8,5,1,2021-12-14 09:12:21
1639473144242278000,29.85,4,29.55,9,30.2,4,1,2021-12-14 09:12:24
1639473144242278000,30.0,6,29.55,9,30.2,4,1,2021-12-14 09:12:24
1639473144242278000,30.05,3,29.55,9,30.2,4,1,2021-12-14 09:12:24
1639473144242278000,30.1,1,29.55,9,30.2,4,1,2021-12-14 09:12:24
1639473144242278000,30.15,6,29.55,9,30.2,4,1,2021-12-14 09:12:24
1639473145827876000,29.65,2,29.6,5,30.15,2,2,2021-12-14 09:12:25
1639473146098911000,30.15,1,29.6,3,30.15,1,1,2021-12-14 09:12:26
1639473154464401000,30.15,1,29.7,2,30.15,3,1,2021-12-14 09:12:34
1639473161357262000,29.8,1,29.65,1,30.05,2,2,2021-12-14 09:12:41
1639473161357262000,29.7,7,29.65,1,30.05,2,2,2021-12-14 09:12:41
1639473161357262000,29.65,2,29.65,1,30.05,2,2,2021-12-14 09:12:41
1639473172349730000,29.9,2,29.65,11,29.9,2,1,2021-12-14 09:12:52
1639473173262832000,29.65,1,29.65,12,29.95,2,2,2021-12-14 09:12:53
1639473176109132000,29.9,1,29.65,12,29.95,2,1,2021-12-14 09:12:56
1639473182529640000,29.85,3,29.85,2,29.9,5,2,2021-12-14 09:13:02
1639473182550223000,29.85,1,29.65,11,29.9,4,2,2021-12-14 09:13:02
1639473182550508000,29.85,1,29.65,11,29.9,4,2,2021-12-14 09:13:02
1639473190438182000,29.85,1,29.7,1,29.85,2,1,2021-12-14 09:13:10
1639473208262935000,29.8,2,29.75,1,29.9,2,2,2021-12-14 09:13:28
1639473208262935000,29.9,4,29.75,1,29.9,2,1,2021-12-14 09:13:28
1639473230274990000,29.8,1,29.75,1,29.85,7,2,2021-12-14 09:13:50
1639473234276030000,29.75,1,29.7,8,29.8,3,2,2021-12-14 09:13:54
1639473242334541000,29.7,1,29.7,5,29.8,3,2,2021-12-14 09:14:02
1639473242567843000,29.7,5,29.65,11,29.8,3,2,2021-12-14 09:14:02
1639473247182060000,29.65,1,29.65,10,29.7,1,2,2021-12-14 09:14:07
1639473247417107000,29.65,10,29.6,3,29.7,1,2,2021-12-14 09:14:07
1639473247669564000,29.6,2,29.6,1,29.7,3,2,2021-12-14 09:14:07
1639473247690319000,29.6,1,29.55,7,29.7,3,2,2021-12-14 09:14:07
1639473253794052000,29.7,6,29.55,6,29.7,1,1,2021-12-14 09:14:13
1639473318336985000,29.6,1,29.6,6,29.65,2,2,2021-12-14 09:15:18
1639473324185340000,29.6,6,29.55,6,29.6,3,2,2021-12-14 09:15:24
1639473324426388000,29.55,6,29.5,9,29.6,3,2,2021-12-14 09:15:24
1639473343386732000,29.5,7,29.5,2,29.6,3,2,2021-12-14 09:15:43
1639473343424726000,29.5,2,29.45,4,29.6,3,2,2021-12-14 09:15:43
1639473345434048000,29.45,4,29.4,8,29.45,20,2,2021-12-14 09:15:45
1639473353347841000,29.4,5,29.4,3,29.45,20,2,2021-12-14 09:15:53
1639473357482311000,29.4,3,29.3,47,29.45,20,2,2021-12-14 09:15:57
1639473357482311000,29.3,7,29.3,47,29.45,20,2,2021-12-14 09:15:57
1639473366008547000,29.3,4,29.3,43,29.45,20,2,2021-12-14 09:16:06
1639473374543252000,29.3,2,29.3,41,29.45,20,2,2021-12-14 09:16:14
1639473384707419000,29.35,1,29.15,3,29.2,66,1,2021-12-14 09:16:24
1639473384707419000,29.3,42,29.15,3,29.2,66,2,2021-12-14 09:16:24
1639473384707419000,29.25,5,29.15,3,29.2,66,2,2021-12-14 09:16:24
1639473384707419000,29.2,15,29.15,3,29.2,66,2,2021-12-14 09:16:24
1639473384732475000,29.15,3,29.1,14,29.2,66,2,2021-12-14 09:16:24
1639473388377894000,29.3,1,29.1,14,29.45,20,1,2021-12-14 09:16:28
1639473415940473000,29.15,2,29.1,16,29.35,7,2,2021-12-14 09:16:55
1639473415940473000,29.1,3,29.1,16,29.35,7,2,2021-12-14 09:16:55
1639473416357233000,29.3,1,29.1,16,29.35,8,1,2021-12-14 09:16:56
1639473425925926000,29.1,10,29.1,6,29.35,8,2,2021-12-14 09:17:05
1639473425959679000,29.1,6,29.05,5,29.35,8,2,2021-12-14 09:17:05
1639473435207944000,29.05,2,29.05,3,29.1,23,2,2021-12-14 09:17:15
1639473435246921000,29.05,3,29.0,82,29.1,23,2,2021-12-14 09:17:15
1639473437468726000,29.05,1,29.0,82,29.1,22,1,2021-12-14 09:17:17
1639473445932808000,29.1,22,29.05,6,29.3,1,1,2021-12-14 09:17:25
1639473456101364000,29.1,4,29.05,6,29.45,20,2,2021-12-14 09:17:36
1639473456101364000,29.05,1,29.05,6,29.45,20,2,2021-12-14 09:17:36
1639473456977085000,29.05,8,29.0,25,29.4,2,2,2021-12-14 09:17:36
1639473456977085000,29.0,57,29.0,25,29.4,2,2,2021-12-14 09:17:36
1639473460135575000,29.1,1,28.95,2,29.0,69,1,2021-12-14 09:17:40
1639473460135575000,29.05,2,28.95,2,29.0,69,2,2021-12-14 09:17:40
1639473460135575000,29.0,25,28.95,2,29.0,69,2,2021-12-14 09:17:40
1639473460378515000,29.0,13,28.95,2,29.0,56,1,2021-12-14 09:17:40
1639473460411373000,29.0,3,28.95,2,29.0,53,1,2021-12-14 09:17:40
1639473460412873000,29.0,53,28.95,2,29.45,20,1,2021-12-14 09:17:40
1639473462339235000,28.95,2,28.9,8,29.4,2,2,2021-12-14 09:17:42
1639473462339235000,28.9,3,28.9,8,29.4,2,2,2021-12-14 09:17:42
1639473464904380000,29.05,1,28.95,1,29.4,2,1,2021-12-14 09:17:44
1639473499789411000,29.1,3,29.05,3,29.3,3,1,2021-12-14 09:18:19
1639473499789411000,29.05,47,29.05,3,29.3,3,2,2021-12-14 09:18:19
1639473509229833000,29.15,1,29.05,5,29.3,5,1,2021-12-14 09:18:29
1639473529882989000,29.1,2,29.05,8,29.2,1,2,2021-12-14 09:18:49
1639473529882989000,29.05,3,29.05,8,29.2,1,2,2021-12-14 09:18:49
1639473564963639000,29.05,1,29.05,8,29.2,1,2,2021-12-14 09:19:24
1639473580487173000,29.1,3,29.1,4,29.2,1,1,2021-12-14 09:19:40
1639473616133088000,29.2,1,29.2,1,29.25,1,1,2021-12-14 09:20:16
1639473616155312000,29.2,1,29.15,1,29.25,1,2,2021-12-14 09:20:16
1639473658475677000,29.15,6,29.15,4,29.3,14,2,2021-12-14 09:20:58
1639473658496124000,29.15,4,29.1,11,29.3,15,2,2021-12-14 09:20:58
1639473661822105000,29.2,1,29.1,11,29.3,15,1,2021-12-14 09:21:01
1639473678778697000,29.25,4,29.1,62,29.3,14,1,2021-12-14 09:21:18
1639473704053827000,29.2,4,29.15,4,29.25,2,2,2021-12-14 09:21:44
1639473712735214000,29.15,1,29.15,3,29.25,2,2,2021-12-14 09:21:52
1639473736510869000,29.15,3,29.05,13,29.1,8,2,2021-12-14 09:22:16
1639473736510869000,29.1,69,29.05,13,29.1,8,2,2021-12-14 09:22:16
1639473746864913000,29.05,1,29.05,13,29.1,8,2,2021-12-14 09:22:26
1639473747089609000,29.05,13,29.0,24,29.1,8,2,2021-12-14 09:22:27
1639473755843849000,29.0,1,29.0,22,29.1,8,2,2021-12-14 09:22:35
1639473761820978000,29.0,22,28.95,12,29.1,8,2,2021-12-14 09:22:41
1639473765894760000,29.1,3,28.95,12,29.1,5,1,2021-12-14 09:22:45
1639473772395974000,28.95,12,28.9,39,29.1,7,2,2021-12-14 09:22:52
1639473783585753000,28.95,1,28.9,38,29.1,9,2,2021-12-14 09:23:03
1639473786001727000,28.95,1,28.85,5,29.1,9,2,2021-12-14 09:23:06
1639473786001727000,28.9,40,28.85,5,29.1,9,2,2021-12-14 09:23:06
1639473786001727000,28.85,9,28.85,5,29.1,9,2,2021-12-14 09:23:06
1639473790836409000,28.85,3,28.85,2,29.05,3,2,2021-12-14 09:23:10
1639473790864099000,28.85,2,28.8,6,29.05,3,2,2021-12-14 09:23:10
1639473824095974000,28.9,1,28.9,1,29.1,8,1,2021-12-14 09:23:44
1639473827767271000,28.95,2,28.9,6,29.1,8,1,2021-12-14 09:23:47
1639473828705459000,28.9,1,28.9,6,29.1,7,2,2021-12-14 09:23:48
1639473830078320000,28.9,1,28.9,5,29.1,7,2,2021-12-14 09:23:50
1639473840445104000,28.9,5,28.7,12,28.8,11,2,2021-12-14 09:24:00
1639473840445104000,28.85,6,28.7,12,28.8,11,2,2021-12-14 09:24:00
1639473840445104000,28.8,58,28.7,12,28.8,11,2,2021-12-14 09:24:00
1639473840675940000,28.8,11,28.7,12,29.1,7,1,2021-12-14 09:24:00
1639473843278577000,28.9,2,28.7,13,29.1,9,1,2021-12-14 09:24:03
1639473851861774000,28.8,1,28.75,1,28.9,50,2,2021-12-14 09:24:11
1639473860386764000,28.75,3,28.7,6,28.9,50,2,2021-12-14 09:24:20
1639473860386764000,28.7,7,28.7,6,28.9,50,2,2021-12-14 09:24:20
1639473860420805000,28.7,1,28.7,5,28.9,50,2,2021-12-14 09:24:20
1639473863324487000,28.9,1,28.7,4,28.9,49,1,2021-12-14 09:24:23
1639473863387186000,28.7,1,28.7,3,28.9,49,2,2021-12-14 09:24:23
1639473877454077000,28.7,4,28.7,1,28.85,6,2,2021-12-14 09:24:37
1639473877490057000,28.7,1,28.65,6,28.85,6,2,2021-12-14 09:24:37
1639473880285698000,28.85,6,28.85,1,28.9,49,1,2021-12-14 09:24:40
1639473880310536000,28.85,1,28.65,6,28.9,49,2,2021-12-14 09:24:40
1639473887366219000,28.65,7,28.4,1,28.5,13,2,2021-12-14 09:24:47
1639473887366219000,28.6,5,28.4,1,28.5,13,2,2021-12-14 09:24:47
1639473887366219000,28.55,13,28.4,1,28.5,13,2,2021-12-14 09:24:47
1639473887366219000,28.5,41,28.4,1,28.5,13,2,2021-12-14 09:24:47
1639473888594118000,28.5,10,28.4,2,28.5,3,1,2021-12-14 09:24:48
1639473889592707000,28.5,1,28.4,2,28.5,2,1,2021-12-14 09:24:49
1639473889623723000,28.5,2,28.4,2,28.7,1,1,2021-12-14 09:24:49
1639473896002974000,28.5,1,28.4,2,28.7,14,2,2021-12-14 09:24:56
1639473898194304000,28.7,3,28.4,2,28.7,11,1,2021-12-14 09:24:58
1639473906134745000,28.65,1,28.5,1,28.7,10,2,2021-12-14 09:25:06
1639473933595616000,28.7,3,28.65,50,28.7,7,1,2021-12-14 09:25:33
1639473935466121000,28.7,1,28.65,51,28.7,6,1,2021-12-14 09:25:35
1639473936342016000,28.65,50,28.65,1,28.7,6,2,2021-12-14 09:25:36
1639473936374636000,28.65,1,28.6,1,28.7,6,2,2021-12-14 09:25:36
1639473937144425000,28.7,6,28.6,1,28.8,2,1,2021-12-14 09:25:37
1639473945470315000,28.65,1,28.6,2,28.8,3,2,2021-12-14 09:25:45
1639473950162467000,28.7,1,28.6,3,28.8,5,1,2021-12-14 09:25:50
1639473951948751000,28.7,5,28.6,3,28.75,7,2,2021-12-14 09:25:51
1639473952401826000,28.6,3,28.55,7,28.65,50,2,2021-12-14 09:25:52
1639473952489839000,28.65,1,28.55,6,28.65,50,1,2021-12-14 09:25:52
1639473952634750000,28.55,2,28.55,4,28.65,50,2,2021-12-14 09:25:52
1639473952675027000,28.55,4,28.5,5,28.65,50,2,2021-12-14 09:25:52
1639473959234064000,28.55,2,28.5,5,28.6,5,2,2021-12-14 09:25:59
1639473961192140000,28.6,3,28.6,7,28.65,49,1,2021-12-14 09:26:01
1639473961225911000,28.6,7,28.5,5,28.65,49,2,2021-12-14 09:26:01
1639473962700220000,28.6,1,28.5,5,28.65,49,2,2021-12-14 09:26:02
1639473970595631000,28.65,5,28.55,5,28.65,44,1,2021-12-14 09:26:10
1639473991297662000,28.55,1,28.55,4,28.65,45,2,2021-12-14 09:26:31
1639473992657618000,28.65,1,28.55,4,28.65,44,1,2021-12-14 09:26:32
1639473999670299000,28.65,1,28.55,5,28.75,6,1,2021-12-14 09:26:39
1639474002310335000,28.65,1,28.55,5,28.75,6,1,2021-12-14 09:26:42
1639474022741193000,28.65,1,28.6,5,28.65,2,2,2021-12-14 09:27:02
1639474028979062000,28.65,1,28.6,3,28.65,6,1,2021-12-14 09:27:08
1639474032243747000,28.65,2,28.6,5,28.65,4,1,2021-12-14 09:27:12
1639474038872928000,28.65,2,28.6,5,28.65,3,1,2021-12-14 09:27:18
1639474039711267000,28.65,1,28.6,5,28.65,2,1,2021-12-14 09:27:19
1639474042306437000,28.65,2,28.6,5,28.75,6,1,2021-12-14 09:27:22
1639474050646021000,28.65,1,28.65,1,28.75,6,1,2021-12-14 09:27:30
1639474050678489000,28.65,1,28.6,5,28.75,6,2,2021-12-14 09:27:30
1639474058176766000,28.65,1,28.65,1,28.75,6,2,2021-12-14 09:27:38
1639474058211885000,28.65,1,28.6,7,28.75,6,2,2021-12-14 09:27:38
1639474076381338000,28.65,1,28.65,1,28.7,5,2,2021-12-14 09:27:56
1639474076413916000,28.65,1,28.6,7,28.7,5,2,2021-12-14 09:27:56
1639474085147361000,28.6,1,28.6,8,28.7,5,2,2021-12-14 09:28:05
1639474093119462000,28.65,2,28.55,6,28.7,5,1,2021-12-14 09:28:13
1639474093119462000,28.6,13,28.55,6,28.7,5,2,2021-12-14 09:28:13
1639474094536768000,28.55,1,28.55,5,28.65,2,2,2021-12-14 09:28:14
1639474099809195000,28.65,1,28.55,5,28.7,5,1,2021-12-14 09:28:19
1639474100819821000,28.55,5,28.45,3,28.5,16,2,2021-12-14 09:28:20
1639474100819821000,28.5,14,28.45,3,28.5,16,2,2021-12-14 09:28:20
1639474100847341000,28.45,3,28.4,10,28.5,16,2,2021-12-14 09:28:20
1639474101284178000,28.4,2,28.4,7,28.5,16,2,2021-12-14 09:28:21
1639474101673456000,28.4,7,28.25,5,28.5,16,2,2021-12-14 09:28:21
1639474101673456000,28.3,3,28.25,5,28.5,16,2,2021-12-14 09:28:21
1639474101673456000,28.25,5,28.25,5,28.5,16,2,2021-12-14 09:28:21
1639474101704484000,28.5,1,28.25,5,28.5,15,1,2021-12-14 09:28:21
1639474128293310000,28.45,1,28.3,55,28.5,15,2,2021-12-14 09:28:48
1639474132381553000,28.35,1,28.35,3,28.5,15,2,2021-12-14 09:28:52
1639474134436554000,28.45,1,28.35,2,28.5,15,1,2021-12-14 09:28:54
1639474137591392000,28.35,2,28.35,2,28.5,15,2,2021-12-14 09:28:57
1639474148274858000,28.4,2,28.35,3,28.5,15,1,2021-12-14 09:29:08
1639474151538878000,28.35,3,28.2,1,28.25,32,2,2021-12-14 09:29:11
1639474151538878000,28.3,55,28.2,1,28.25,32,2,2021-12-14 09:29:11
1639474151538878000,28.25,10,28.2,1,28.25,32,2,2021-12-14 09:29:11
1639474154028907000,28.2,1,28.15,2,28.25,32,2,2021-12-14 09:29:14
1639474164228418000,28.25,10,28.2,1,28.25,22,1,2021-12-14 09:29:24
1639474164469855000,28.25,2,28.2,1,28.25,20,1,2021-12-14 09:29:24
1639474172303705000,28.25,1,28.2,1,28.25,19,1,2021-12-14 09:29:32
1639474172534338000,28.25,2,28.2,1,28.25,17,1,2021-12-14 09:29:32
1639474177367713000,28.25,1,28.2,1,28.25,71,1,2021-12-14 09:29:37
1639474186922886000,28.25,1,28.2,2,28.25,54,1,2021-12-14 09:29:46
1639474187759168000,28.25,10,28.2,2,28.25,44,1,2021-12-14 09:29:47
1639474192167429000,28.25,5,28.2,2,28.25,39,1,2021-12-14 09:29:52
1639474192396118000,28.25,2,28.2,2,28.25,37,1,2021-12-14 09:29:52
1639474193357771000,28.2,2,28.15,6,28.2,3,2,2021-12-14 09:29:53
1639474193603049000,28.2,1,28.15,6,28.2,2,1,2021-12-14 09:29:53
1639474194859675000,28.2,2,28.2,1,28.25,37,1,2021-12-14 09:29:54
1639474195592334000,28.2,2,28.15,7,28.2,14,2,2021-12-14 09:29:55
1639474199878090000,28.2,5,28.15,7,28.2,10,1,2021-12-14 09:29:59
1639474200531149000,28.2,1,28.15,7,28.2,9,1,2021-12-14 09:30:00
1639474202680462000,28.2,1,28.15,7,28.2,8,1,2021-12-14 09:30:02
1639474205205751000,28.2,1,28.15,7,28.2,7,1,2021-12-14 09:30:05
1639474205482468000,28.2,1,28.15,7,28.2,6,1,2021-12-14 09:30:05
1639474206392183000,28.2,1,28.15,7,28.2,5,1,2021-12-14 09:30:06
1639474208230480000,28.15,7,28.1,3,28.2,6,2,2021-12-14 09:30:08
1639474208954713000,28.2,5,28.1,3,28.2,1,1,2021-12-14 09:30:08
1639474211543934000,28.2,1,28.1,4,28.2,3,1,2021-12-14 09:30:11
1639474219152501000,28.2,2,28.1,4,28.2,1,1,2021-12-14 09:30:19
1639474219862963000,28.1,4,28.05,10,28.2,1,2,2021-12-14 09:30:19
1639474219862963000,28.05,1,28.05,10,28.2,1,2,2021-12-14 09:30:19
1639474220505013000,28.2,2,28.05,10,28.2,1,1,2021-12-14 09:30:20
1639474220944722000,28.05,1,28.05,9,28.2,1,2,2021-12-14 09:30:20
1639474232639414000,28.1,4,28.05,11,28.15,3,1,2021-12-14 09:30:32
1639474232685178000,28.05,1,28.05,10,28.15,1,2,2021-12-14 09:30:32
1639474232927119000,28.05,10,28.0,27,28.15,3,2,2021-12-14 09:30:32
1639474232958751000,28.0,27,27.95,5,28.15,3,2,2021-12-14 09:30:32
1639474233088713000,27.95,5,27.6,7,28.15,4,2,2021-12-14 09:30:33
1639474233088713000,27.8,3,27.6,7,28.15,4,2,2021-12-14 09:30:33
1639474233088713000,27.7,1,27.6,7,28.15,4,2,2021-12-14 09:30:33
1639474233088713000,27.6,3,27.6,7,28.15,4,2,2021-12-14 09:30:33
1639474233147339000,28.15,3,27.6,7,28.15,1,1,2021-12-14 09:30:33
1639474233149256000,28.15,1,27.6,7,28.2,18,1,2021-12-14 09:30:33
1639474233392585000,28.1,2,27.65,2,28.2,15,2,2021-12-14 09:30:33
1639474233392585000,28.15,2,27.65,2,28.2,15,1,2021-12-14 09:30:33
1639474233392585000,28.2,3,27.65,2,28.2,15,1,2021-12-14 09:30:33
1639474237455408000,28.15,2,28.15,8,28.2,15,2,2021-12-14 09:30:37
1639474237694407000,28.15,8,27.75,2,28.2,15,2,2021-12-14 09:30:37
1639474239033381000,28.15,3,27.75,2,28.2,16,2,2021-12-14 09:30:39
1639474240640464000,27.75,2,27.7,5,28.2,16,2,2021-12-14 09:30:40
1639474240640464000,27.7,3,27.7,5,28.2,16,2,2021-12-14 09:30:40
1639474243920760000,28.05,3,27.75,2,28.05,1,1,2021-12-14 09:30:43
1639474246751973000,28.05,2,27.85,2,28.2,16,1,2021-12-14 09:30:46
1639474248691491000,28.05,1,27.85,2,28.05,31,1,2021-12-14 09:30:48
1639474254841659000,28.0,5,27.8,4,28.05,31,2,2021-12-14 09:30:54
1639474264347753000,27.8,1,27.8,4,28.0,2,2,2021-12-14 09:31:04
1639474264944488000,27.8,4,27.75,3,28.0,2,2,2021-12-14 09:31:04
1639474264944488000,27.75,6,27.75,3,28.0,2,2,2021-12-14 09:31:04
1639474266407098000,27.9,1,27.75,5,28.0,3,1,2021-12-14 09:31:06
1639474270339213000,27.75,2,27.75,4,28.0,3,2,2021-12-14 09:31:10
1639474277190705000,27.95,1,27.8,2,27.95,2,1,2021-12-14 09:31:17
1639474277228096000,27.95,1,27.8,2,28.0,8,1,2021-12-14 09:31:17
1639474281041828000,28.0,4,27.9,1,28.05,31,1,2021-12-14 09:31:21
1639474282313238000,27.9,1,27.8,3,28.05,31,2,2021-12-14 09:31:22
1639474282622911000,27.85,1,27.85,1,28.05,31,2,2021-12-14 09:31:22
1639474283064837000,27.85,1,27.8,4,28.05,31,2,2021-12-14 09:31:23
1639474284268919000,27.8,4,27.75,1,27.8,1,2,2021-12-14 09:31:24
1639474284288564000,27.8,1,27.75,1,28.05,31,1,2021-12-14 09:31:24
1639474285442161000,27.95,1,27.9,1,28.05,31,1,2021-12-14 09:31:25
1639474287763931000,27.9,1,27.6,12,28.05,31,2,2021-12-14 09:31:27
1639474287763931000,27.8,2,27.6,12,28.05,31,2,2021-12-14 09:31:27
1639474287763931000,27.75,4,27.6,12,28.05,31,2,2021-12-14 09:31:27
1639474287763931000,27.7,8,27.6,12,28.05,31,2,2021-12-14 09:31:27
1639474287763931000,27.65,12,27.6,12,28.05,31,2,2021-12-14 09:31:27
1639474287763931000,27.6,9,27.6,12,28.05,31,2,2021-12-14 09:31:27
1639474288398681000,28.05,20,27.8,2,28.05,12,1,2021-12-14 09:31:28
1639474289204144000,27.9,1,27.8,2,27.95,3,2,2021-12-14 09:31:29
1639474290519235000,27.9,1,27.8,2,27.9,6,1,2021-12-14 09:31:30
1639474291037977000,27.8,1,27.8,1,27.9,6,2,2021-12-14 09:31:31
1639474291126752000,27.85,3,27.8,1,27.9,6,1,2021-12-14 09:31:31
1639474293264312000,27.85,1,27.8,5,27.85,2,1,2021-12-14 09:31:33
1639474293420284000,27.85,1,27.8,5,27.85,1,1,2021-12-14 09:31:33
1639474294516224000,27.85,1,27.8,5,27.9,3,1,2021-12-14 09:31:34
1639474295738235000,27.85,2,27.8,7,27.9,3,1,2021-12-14 09:31:35
1639474297540153000,27.9,3,27.85,7,27.95,2,1,2021-12-14 09:31:37
1639474298849044000,27.9,1,27.85,5,27.95,2,1,2021-12-14 09:31:38
1639474307357114000,27.9,1,27.9,4,27.95,3,1,2021-12-14 09:31:47
1639474307382631000,27.95,3,27.9,4,28.0,5,1,2021-12-14 09:31:47
1639474317671459000,28.0,1,27.95,1,28.0,4,1,2021-12-14 09:31:57
1639474326768420000,28.0,1,27.95,1,28.0,4,1,2021-12-14 09:32:06
1639474328621875000,28.0,1,27.95,4,28.0,3,1,2021-12-14 09:32:08
1639474328928146000,28.0,1,27.95,4,28.0,2,1,2021-12-14 09:32:08
1639474329275147000,27.95,4,27.9,3,28.0,2,2,2021-12-14 09:32:09
1639474329275147000,27.9,1,27.9,3,28.0,2,2,2021-12-14 09:32:09
1639474329736497000,28.0,1,27.9,3,28.0,1,1,2021-12-14 09:32:09
1639474333534671000,28.0,1,27.95,1,28.05,12,1,2021-12-14 09:32:13
1639474336976575000,28.05,4,27.95,1,28.05,7,1,2021-12-14 09:32:16
1639474342292741000,28.0,1,27.9,9,28.0,12,2,2021-12-14 09:32:22
1639474348551898000,28.0,1,27.95,3,28.0,11,1,2021-12-14 09:32:28
1639474350191146000,28.0,3,27.95,4,28.0,8,1,2021-12-14 09:32:30
1639474351415129000,28.0,1,27.95,5,28.0,7,1,2021-12-14 09:32:31
1639474355124875000,28.0,3,27.95,5,28.0,4,1,2021-12-14 09:32:35
1639474356087791000,28.0,1,27.95,5,28.0,3,1,2021-12-14 09:32:36
1639474360273746000,28.0,1,27.95,5,28.0,2,1,2021-12-14 09:32:40
1639474360504735000,28.0,2,27.95,5,28.05,7,1,2021-12-14 09:32:40
1639474362350561000,28.0,5,27.95,5,28.0,5,1,2021-12-14 09:32:42
1639474363729256000,28.0,5,28.0,5,28.05,7,1,2021-12-14 09:32:43
1639474366939245000,28.0,1,28.0,4,28.05,7,2,2021-12-14 09:32:46
1639474369118148000,28.05,1,28.0,4,28.05,6,1,2021-12-14 09:32:49
1639474383728671000,28.05,1,28.0,7,28.05,5,1,2021-12-14 09:33:03
1639474385106915000,28.05,1,28.0,7,28.05,4,1,2021-12-14 09:33:05
1639474385295736000,28.05,1,28.0,7,28.05,3,1,2021-12-14 09:33:05
1639474385763877000,28.0,4,28.0,3,28.05,3,2,2021-12-14 09:33:05
1639474388450777000,28.05,3,28.0,4,28.1,1,1,2021-12-14 09:33:08
1639474389504692000,28.0,1,28.0,3,28.1,1,2,2021-12-14 09:33:09
1639474420574664000,28.05,2,28.0,52,28.1,4,1,2021-12-14 09:33:40
1639474420574664000,28.0,11,28.0,52,28.1,4,2,2021-12-14 09:33:40
1639474421679281000,28.05,1,28.0,52,28.05,1,1,2021-12-14 09:33:41
1639474425304827000,28.1,1,28.0,52,28.1,2,1,2021-12-14 09:33:45
1639474448866348000,28.1,1,28.05,4,28.15,8,2,2021-12-14 09:34:08
1639474471708734000,28.15,5,28.05,9,28.15,1,1,2021-12-14 09:34:31
1639474476443752000,28.1,1,28.05,9,28.1,4,2,2021-12-14 09:34:36
1639474478213185000,28.1,2,28.05,7,28.1,2,1,2021-12-14 09:34:38
1639474484789686000,28.15,1,28.15,1,28.2,7,1,2021-12-14 09:34:44
1639474491110306000,28.2,6,28.2,4,28.25,37,1,2021-12-14 09:34:51
1639474491138508000,28.2,4,28.1,3,28.25,37,2,2021-12-14 09:34:51
1639474502018801000,28.2,2,28.15,5,28.2,3,2,2021-12-14 09:35:02
1639474502286950000,28.2,1,28.15,5,28.2,4,1,2021-12-14 09:35:02
1639474502500306000,28.2,1,28.15,5,28.2,3,1,2021-12-14 09:35:02
1639474505284107000,28.2,1,28.15,5,28.2,7,1,2021-12-14 09:35:05
1639474506464553000,28.2,1,28.15,5,28.2,6,1,2021-12-14 09:35:06
1639474510104018000,28.2,1,28.15,5,28.2,5,1,2021-12-14 09:35:10
1639474510419629000,28.2,2,28.15,5,28.2,3,1,2021-12-14 09:35:10
1639474511871190000,28.2,1,28.15,5,28.2,4,1,2021-12-14 09:35:11
1639474514783018000,28.2,1,28.15,4,28.2,3,1,2021-12-14 09:35:14
1639474517872108000,28.2,1,28.15,4,28.2,2,1,2021-12-14 09:35:17
1639474521312007000,28.2,1,28.15,4,28.2,1,1,2021-12-14 09:35:21
1639474522340476000,28.2,1,28.15,4,28.25,32,1,2021-12-14 09:35:22
1639474523008650000,28.15,4,28.1,3,28.2,2,2,2021-12-14 09:35:23
1639474524383432000,28.25,32,0.0,0,0.0,0,1,2021-12-14 09:35:24
1639474524383432000,28.3,1,0.0,0,0.0,0,1,2021-12-14 09:35:24
1639474524383432000,28.35,2,0.0,0,0.0,0,1,2021-12-14 09:35:24
1639474524383432000,28.4,6,0.0,0,0.0,0,1,2021-12-14 09:35:24
1639474524383432000,28.45,8,0.0,0,0.0,0,1,2021-12-14 09:35:24
1639474524383432000,28.5,8,0.0,0,0.0,0,1,2021-12-14 09:35:24
1639474524383432000,28.6,3,0.0,0,0.0,0,1,2021-12-14 09:35:24
1639474524383432000,28.65,6,0.0,0,0.0,0,1,2021-12-14 09:35:24
1639474524383432000,28.7,3,0.0,0,0.0,0,1,2021-12-14 09:35:24
1639474524383432000,28.75,4,0.0,0,0.0,0,1,2021-12-14 09:35:24
1639474524383432000,28.8,2,0.0,0,0.0,0,1,2021-12-14 09:35:24
1639474524383432000,28.85,11,0.0,0,0.0,0,1,2021-12-14 09:35:24
1639474524383432000,28.85,0,0.0,0,0.0,0,1,2021-12-14 09:35:24
1639474644922143000,28.5,40,28.45,5,28.6,20,2,2021-12-14 09:37:24
1639474645183090000,28.45,5,28.4,1,28.55,2,2,2021-12-14 09:37:25
1639474646705808000,28.55,2,28.4,1,28.6,19,1,2021-12-14 09:37:26
1639474646705808000,28.6,1,28.4,1,28.6,19,1,2021-12-14 09:37:26
1639474662100309000,28.45,1,28.4,2,28.5,5,2,2021-12-14 09:37:42
1639474662501998000,28.5,2,28.4,1,28.5,3,1,2021-12-14 09:37:42
1639474663135525000,28.5,3,28.5,2,28.6,19,1,2021-12-14 09:37:43
1639474663156578000,28.5,2,28.4,1,28.6,19,2,2021-12-14 09:37:43
1639474663924929000,28.55,2,28.4,1,28.6,18,1,2021-12-14 09:37:43
1639474663924929000,28.6,1,28.4,1,28.6,18,1,2021-12-14 09:37:43
1639474670154546000,28.55,1,28.35,2,28.55,1,2,2021-12-14 09:37:50
1639474685036565000,28.4,1,28.35,2,28.4,1,2,2021-12-14 09:38:05
1639474686723573000,28.4,1,28.35,2,28.6,18,1,2021-12-14 09:38:06
1639474694035714000,28.55,10,28.55,10,28.6,18,1,2021-12-14 09:38:14
1639474694070118000,28.55,10,28.4,1,28.6,18,2,2021-12-14 09:38:14
1639474701002995000,28.5,1,28.4,3,28.5,6,2,2021-12-14 09:38:21
1639474713492703000,28.5,4,28.4,3,28.5,2,1,2021-12-14 09:38:33
1639474726026500000,28.45,1,28.4,3,28.5,4,2,2021-12-14 09:38:46
1639474726860762000,28.4,3,28.35,1,28.5,7,2,2021-12-14 09:38:46
1639474727694607000,28.35,1,28.25,7,28.5,8,2,2021-12-14 09:38:47
1639474727694607000,28.3,3,28.25,7,28.5,8,2,2021-12-14 09:38:47
1639474727694607000,28.25,1,28.25,7,28.5,8,2,2021-12-14 09:38:47
1639474737537737000,28.4,1,28.25,7,28.5,7,1,2021-12-14 09:38:57
1639474751781339000,28.3,1,28.3,2,28.5,9,2,2021-12-14 09:39:11
1639474767747400000,28.3,2,28.25,8,28.4,1,2,2021-12-14 09:39:27
1639474767747400000,28.25,3,28.25,8,28.4,1,2,2021-12-14 09:39:27
1639474780570906000,28.35,1,28.3,2,28.4,1,1,2021-12-14 09:39:40
1639474781317809000,28.4,1,28.4,4,28.5,10,1,2021-12-14 09:39:41
1639474839131363000,28.4,1,28.4,3,28.5,5,2,2021-12-14 09:40:39
1639474850808708000,28.4,3,28.3,5,28.4,12,2,2021-12-14 09:40:50
1639474861420325000,28.3,5,28.25,23,28.3,7,2,2021-12-14 09:41:01
1639474869150139000,28.3,2,28.25,23,28.3,5,1,2021-12-14 09:41:09
1639474869341837000,28.3,5,28.25,23,28.5,2,1,2021-12-14 09:41:09
1639474901205610000,28.3,1,28.25,23,28.45,6,2,2021-12-14 09:41:41
1639474904566736000,28.25,5,28.25,18,28.45,6,2,2021-12-14 09:41:44
1639474926840841000,28.25,5,28.25,13,28.45,6,2,2021-12-14 09:42:06
1639475055699373000,28.45,2,28.35,3,28.45,6,1,2021-12-14 09:44:15
1639475089817689000,28.45,2,28.35,3,28.45,1,1,2021-12-14 09:44:49
1639475102185902000,28.45,1,28.4,2,28.5,8,1,2021-12-14 09:45:02
1639475128899562000,28.5,1,28.45,12,28.5,5,1,2021-12-14 09:45:28
1639475134896738000,28.5,1,28.45,12,28.5,4,1,2021-12-14 09:45:34
1639475142212441000,28.5,4,28.5,6,28.75,10,1,2021-12-14 09:45:42
1639475197917344000,28.7,2,28.6,1,28.7,2,1,2021-12-14 09:46:37
1639475216002004000,28.7,1,28.6,2,28.7,5,1,2021-12-14 09:46:56
1639475228134517000,28.7,6,28.6,12,28.8,11,1,2021-12-14 09:47:08
1639475228134517000,28.75,10,28.6,12,28.8,11,1,2021-12-14 09:47:08
1639475236794427000,28.7,1,28.6,2,28.75,2,2,2021-12-14 09:47:16
1639475243533986000,28.7,1,28.6,2,28.75,2,2,2021-12-14 09:47:23
1639475257240258000,28.75,1,28.7,2,28.75,3,1,2021-12-14 09:47:37
1639475258627412000,28.7,1,28.7,1,28.75,3,2,2021-12-14 09:47:38
1639475262931563000,28.75,3,28.7,1,28.8,11,1,2021-12-14 09:47:42
1639475263778145000,28.7,1,28.6,10,28.75,2,2,2021-12-14 09:47:43
1639475274086246000,28.7,3,28.6,10,28.7,1,1,2021-12-14 09:47:54
1639475274942309000,28.6,10,28.55,9,28.75,2,2,2021-12-14 09:47:54
1639475275877231000,28.7,1,28.55,9,28.75,2,1,2021-12-14 09:47:55
1639475282711857000,28.65,1,28.65,4,28.75,2,2,2021-12-14 09:48:02
1639475282780217000,28.65,4,28.55,9,28.75,3,2,2021-12-14 09:48:02
1639475283957213000,28.7,2,28.55,9,28.75,2,1,2021-12-14 09:48:03
1639475320256366000,28.65,1,28.6,5,28.65,4,2,2021-12-14 09:48:40
1639475330142838000,28.65,1,28.6,5,28.65,3,1,2021-12-14 09:48:50
1639475335681731000,28.65,3,28.65,1,28.7,1,1,2021-12-14 09:48:55
1639475341524012000,28.7,1,28.65,1,28.8,5,1,2021-12-14 09:49:01
1639475341524012000,28.8,1,28.65,1,28.8,5,1,2021-12-14 09:49:01
1639475378031955000,28.75,1,28.65,6,28.75,2,2,2021-12-14 09:49:38
1639475420558862000,28.75,1,28.65,6,28.75,1,1,2021-12-14 09:50:20
1639475437898055000,28.7,2,28.65,5,28.7,1,2,2021-12-14 09:50:37
1639475450295673000,28.7,2,28.65,5,28.7,1,1,2021-12-14 09:50:50
1639475450419795000,28.65,1,28.65,4,28.7,1,2,2021-12-14 09:50:50
1639475477784678000,28.65,1,28.65,3,28.7,4,2,2021-12-14 09:51:17
1639475477790365000,28.65,1,28.65,2,28.7,4,2,2021-12-14 09:51:17
1639475477819057000,28.65,2,28.6,5,28.7,4,2,2021-12-14 09:51:17
1639475492803925000,28.65,1,28.65,1,28.7,6,2,2021-12-14 09:51:32
1639475492831684000,28.65,1,28.6,6,28.7,6,2,2021-12-14 09:51:32
1639475502482986000,28.6,1,28.6,5,28.65,2,2,2021-12-14 09:51:42
1639475507348487000,28.6,5,28.6,1,28.65,2,2,2021-12-14 09:51:47
1639475519404846000,28.6,1,28.55,9,28.65,2,2,2021-12-14 09:51:59
1639475525933395000,28.55,1,28.55,8,28.6,3,2,2021-12-14 09:52:05
1639475526641956000,28.55,8,28.5,8,28.6,3,2,2021-12-14 09:52:06
1639475526641956000,28.5,22,28.5,8,28.6,3,2,2021-12-14 09:52:06
1639475526885333000,28.5,8,28.45,11,28.6,3,2,2021-12-14 09:52:06
1639475530419237000,28.6,4,28.6,16,28.65,2,1,2021-12-14 09:52:10
1639475530651186000,28.6,2,28.6,14,28.65,2,2,2021-12-14 09:52:10
1639475544037259000,28.6,2,28.6,12,28.7,5,2,2021-12-14 09:52:24
1639475577379874000,28.65,1,28.65,1,28.7,4,1,2021-12-14 09:52:57
1639475596216406000,28.65,1,28.6,62,28.7,4,2,2021-12-14 09:53:16
1639475607832859000,28.7,4,28.7,8,28.75,4,1,2021-12-14 09:53:27
1639475641029019000,28.75,2,28.7,8,28.75,4,1,2021-12-14 09:54:01
1639475647646609000,28.75,1,28.7,8,28.75,3,1,2021-12-14 09:54:07
1639475660333496000,28.75,2,28.7,8,28.75,1,1,2021-12-14 09:54:20
1639475693198635000,28.75,1,28.75,1,28.8,1,1,2021-12-14 09:54:53
1639475702571587000,28.75,1,28.7,9,28.85,1,2,2021-12-14 09:55:02
1639475751847258000,28.75,1,28.7,8,28.8,3,2,2021-12-14 09:55:51
1639475802199849000,28.75,1,28.75,1,28.8,3,1,2021-12-14 09:56:42
1639475804784926000,28.75,1,28.7,8,28.8,3,2,2021-12-14 09:56:44
1639475809277111000,28.75,1,28.7,8,28.8,3,2,2021-12-14 09:56:49
1639475824509423000,28.75,1,28.75,7,28.8,3,2,2021-12-14 09:57:04
1639475827913660000,28.8,3,28.8,4,28.85,5,1,2021-12-14 09:57:07
1639475838656263000,28.8,1,28.8,3,28.85,4,2,2021-12-14 09:57:18
1639475838854922000,28.8,1,28.8,2,28.85,4,2,2021-12-14 09:57:18
1639475840482880000,28.8,2,28.75,10,28.8,7,2,2021-12-14 09:57:20
1639475855327090000,28.8,2,28.75,10,28.8,5,1,2021-12-14 09:57:35
1639475873773116000,28.8,3,28.75,10,28.8,4,1,2021-12-14 09:57:53
1639475890328405000,28.8,1,28.75,10,28.8,5,1,2021-12-14 09:58:10
1639475891481803000,28.8,4,28.75,10,28.8,1,1,2021-12-14 09:58:11
1639475910286460000,28.8,2,28.75,10,28.85,4,1,2021-12-14 09:58:30
1639475958716366000,28.8,1,28.75,20,28.8,10,1,2021-12-14 09:59:18
1639475960703198000,28.75,1,28.75,19,28.8,10,2,2021-12-14 09:59:20
1639475960738715000,28.75,3,28.75,16,28.8,10,2,2021-12-14 09:59:20
1639475960938102000,28.75,13,28.75,3,28.8,10,2,2021-12-14 09:59:20
1639475960976295000,28.75,3,28.7,10,28.8,10,2,2021-12-14 09:59:20
1639475976517097000,28.75,1,28.7,10,28.75,3,1,2021-12-14 09:59:36
1639476022105921000,28.7,1,28.7,9,28.75,6,2,2021-12-14 10:00:22
1639476035948729000,28.7,9,28.65,12,28.75,6,2,2021-12-14 10:00:35
1639476111795328000,28.7,4,28.65,13,28.75,4,1,2021-12-14 10:01:51
1639476139148616000,28.7,1,28.65,13,28.75,4,1,2021-12-14 10:02:19
1639476185786984000,28.65,2,28.65,16,28.7,11,2,2021-12-14 10:03:05
1639476187283472000,28.7,1,28.65,16,28.7,10,1,2021-12-14 10:03:07
1639476251115760000,28.7,1,28.65,17,28.7,9,1,2021-12-14 10:04:11
1639476272836304000,28.7,3,28.65,17,28.7,6,1,2021-12-14 10:04:32
1639476283694946000,28.7,6,28.65,17,28.75,6,1,2021-12-14 10:04:43
1639476284691535000,28.65,4,28.65,13,28.75,6,2,2021-12-14 10:04:44
1639476284700907000,28.65,13,28.6,50,28.75,7,2,2021-12-14 10:04:44
1639476325792894000,28.65,1,28.65,7,28.75,5,2,2021-12-14 10:05:25
1639476325828697000,28.65,7,28.6,52,28.75,5,2,2021-12-14 10:05:25
1639476329194510000,28.7,10,28.6,52,28.75,4,1,2021-12-14 10:05:29
1639476426544965000,28.65,3,28.65,2,28.75,6,2,2021-12-14 10:07:06
1639476426568928000,28.65,2,28.6,52,28.75,6,2,2021-12-14 10:07:06
1639476458845420000,28.7,5,28.6,52,28.75,5,1,2021-12-14 10:07:38
1639476481024156000,28.7,13,28.7,2,28.75,10,2,2021-12-14 10:08:01
1639476481051164000,28.7,2,28.6,52,28.75,10,2,2021-12-14 10:08:01
1639476491243147000,28.7,3,28.75,2,28.85,5,1,2021-12-14 10:08:11
1639476491243147000,28.75,10,28.75,2,28.85,5,1,2021-12-14 10:08:11
1639476491284286000,28.75,2,28.6,52,28.85,5,2,2021-12-14 10:08:11
1639476566168771000,28.8,1,28.75,10,28.8,1,1,2021-12-14 10:09:26
1639476589821450000,28.8,1,28.8,9,28.85,11,1,2021-12-14 10:09:49
1639476599210455000,28.8,1,28.8,8,28.85,10,2,2021-12-14 10:09:59
1639476599244391000,28.8,8,28.75,10,28.85,10,2,2021-12-14 10:09:59
1639476609749637000,28.8,1,28.85,4,28.9,7,1,2021-12-14 10:10:09
1639476609749637000,28.85,10,28.85,4,28.9,7,1,2021-12-14 10:10:09
1639476609780738000,28.85,4,28.75,10,28.9,7,2,2021-12-14 10:10:09
1639476630377322000,28.85,1,28.9,8,28.95,4,1,2021-12-14 10:10:30
1639476630377322000,28.9,6,28.9,8,28.95,4,1,2021-12-14 10:10:30
1639476649461791000,28.95,4,28.9,8,29.0,159,1,2021-12-14 10:10:49
1639476656383051000,28.95,7,28.95,8,29.0,159,2,2021-12-14 10:10:56
1639476660365308000,29.0,3,28.95,8,29.0,156,1,2021-12-14 10:11:00
1639476673719369000,28.95,1,28.95,9,29.0,156,2,2021-12-14 10:11:13
1639476673952334000,28.95,2,28.95,7,29.0,156,2,2021-12-14 10:11:13
1639476677507603000,28.95,3,28.95,4,29.0,156,2,2021-12-14 10:11:17
1639476677541045000,28.95,4,28.9,8,29.0,156,2,2021-12-14 10:11:17
1639476678216369000,29.0,15,28.9,8,29.0,141,1,2021-12-14 10:11:18
1639476681908194000,29.0,2,28.9,8,29.0,139,1,2021-12-14 10:11:21
1639476695255663000,29.0,18,28.9,8,29.0,121,1,2021-12-14 10:11:35
1639476713031063000,29.05,4,29.0,5,29.1,5,1,2021-12-14 10:11:53
1639476725256516000,29.05,1,29.0,5,29.05,1,2,2021-12-14 10:12:05
1639476733487904000,29.05,1,29.05,12,29.1,7,1,2021-12-14 10:12:13
1639476747055751000,29.1,1,29.05,22,29.1,6,1,2021-12-14 10:12:27
1639476759494985000,29.1,4,29.1,3,29.15,1,1,2021-12-14 10:12:39
1639476763568937000,29.15,1,29.1,6,29.2,11,1,2021-12-14 10:12:43
1639476772620525000,29.15,3,29.15,2,29.2,11,1,2021-12-14 10:12:52
1639476773423892000,29.2,1,29.15,2,29.2,10,1,2021-12-14 10:12:53
1639476791351736000,29.2,10,29.15,3,29.2,1,1,2021-12-14 10:13:11
1639476793126274000,29.15,3,29.1,3,29.15,7,2,2021-12-14 10:13:13
1639476793167942000,29.1,1,29.1,2,29.15,7,2,2021-12-14 10:13:13
1639476793207947000,29.1,2,29.05,23,29.15,7,2,2021-12-14 10:13:13
1639476794837672000,29.15,7,29.2,2,29.25,11,1,2021-12-14 10:13:14
1639476794837672000,29.2,1,29.2,2,29.25,11,1,2021-12-14 10:13:14
1639476795080129000,29.2,2,29.05,23,29.25,11,2,2021-12-14 10:13:15
1639476808591869000,29.1,2,29.05,24,29.1,1,2,2021-12-14 10:13:28
1639476825380951000,29.05,2,29.05,21,29.1,1,2,2021-12-14 10:13:45
1639476826004324000,29.05,2,29.05,19,29.1,1,2,2021-12-14 10:13:46
1639476826096387000,29.05,7,29.05,12,29.1,1,2,2021-12-14 10:13:46
1639476826135630000,29.05,12,29.0,5,29.1,1,2,2021-12-14 10:13:46
1639476833418901000,29.0,4,29.0,1,29.05,5,2,2021-12-14 10:13:53
1639476833461649000,29.0,1,28.9,11,29.05,5,2,2021-12-14 10:13:53
1639476844493883000,28.9,2,28.9,8,29.0,1,2,2021-12-14 10:14:04
1639476859902702000,28.9,2,28.9,6,29.0,2,2,2021-12-14 10:14:19
1639476881136795000,28.9,1,28.9,3,29.0,5,2,2021-12-14 10:14:41
1639476884354072000,28.9,3,28.8,3,28.9,1,2,2021-12-14 10:14:44
1639476915466750000,28.9,1,28.9,1,28.95,4,1,2021-12-14 10:15:15
1639476955302213000,28.8,1,28.8,3,28.9,1,2,2021-12-14 10:15:55
1639477041501514000,28.8,10,28.8,4,28.9,1,2,2021-12-14 10:17:21
1639477080001123000,28.8,4,28.75,10,28.8,6,2,2021-12-14 10:18:00
1639477099583360000,28.75,6,28.75,4,28.9,4,2,2021-12-14 10:18:19
1639477118269061000,28.75,4,28.6,47,28.9,6,2,2021-12-14 10:18:38
1639477118269061000,28.7,10,28.6,47,28.9,6,2,2021-12-14 10:18:38
1639477118269061000,28.65,10,28.6,47,28.9,6,2,2021-12-14 10:18:38
1639477118269061000,28.6,6,28.6,47,28.9,6,2,2021-12-14 10:18:38
1639477319104506000,28.65,1,28.65,4,28.8,1,1,2021-12-14 10:21:59
1639477388356498000,28.65,2,28.65,3,28.8,1,2,2021-12-14 10:23:08
1639477451066963000,28.65,1,28.65,2,28.8,1,2,2021-12-14 10:24:11
1639477453125915000,28.8,1,28.65,2,28.85,2,1,2021-12-14 10:24:13
1639477618361271000,28.65,1,28.65,1,28.75,5,2,2021-12-14 10:26:58
1639477625045701000,28.75,5,28.65,1,28.8,11,1,2021-12-14 10:27:05
1639477643545965000,28.65,1,28.65,6,28.8,9,2,2021-12-14 10:27:23
1639477799294020000,28.65,1,28.65,15,28.7,4,2,2021-12-14 10:29:59
1639477799528471000,28.65,2,28.65,13,28.7,4,2,2021-12-14 10:29:59
1639477869635268000,28.65,1,28.65,11,28.7,4,2,2021-12-14 10:31:09
1639477886858591000,28.65,1,28.65,10,28.7,4,2,2021-12-14 10:31:26
1639477933366834000,28.65,2,28.65,8,28.7,4,2,2021-12-14 10:32:13
1639477965127013000,28.65,1,28.65,7,28.7,4,2,2021-12-14 10:32:45
1639477967256925000,28.65,5,28.65,2,28.7,2,2,2021-12-14 10:32:47
1639477981548365000,28.65,2,28.6,52,28.7,4,2,2021-12-14 10:33:01
1639477993663120000,28.6,1,28.6,51,28.65,1,2,2021-12-14 10:33:13
1639478004807533000,28.6,1,28.6,50,28.65,1,2,2021-12-14 10:33:24
1639478025247442000,28.6,1,28.6,49,28.65,1,2,2021-12-14 10:33:45
1639478053113284000,28.65,1,28.6,50,28.7,3,1,2021-12-14 10:34:13
1639478386726569000,28.7,1,28.65,1,28.8,12,1,2021-12-14 10:39:46
1639478392722212000,28.75,1,28.65,1,28.75,1,1,2021-12-14 10:39:52
1639478498140014000,28.8,10,28.75,10,28.85,2,1,2021-12-14 10:41:38
1639478541821200000,28.8,1,28.75,10,28.8,1,1,2021-12-14 10:42:21
1639478547008665000,28.8,1,28.75,10,28.85,1,1,2021-12-14 10:42:27
1639478557888535000,28.85,1,28.75,10,28.9,4,1,2021-12-14 10:42:37
1639478557888535000,28.9,1,28.75,10,28.9,4,1,2021-12-14 10:42:37
1639478612431973000,28.9,1,28.8,10,28.9,5,1,2021-12-14 10:43:32
1639478677765271000,28.8,9,28.8,1,28.85,1,2,2021-12-14 10:44:37
1639478691265089000,28.85,1,28.8,1,28.85,2,1,2021-12-14 10:44:51
1639478708842290000,28.8,1,28.75,5,28.85,2,2,2021-12-14 10:45:08
1639478708842290000,28.75,5,28.75,5,28.85,2,2,2021-12-14 10:45:08
1639478886857006000,28.75,2,28.75,3,28.8,3,2,2021-12-14 10:48:06
1639478887087811000,28.75,3,28.7,10,28.8,3,2,2021-12-14 10:48:07
1639479091227730000,28.7,1,28.7,9,28.75,3,2,2021-12-14 10:51:31
1639479100943177000,28.7,1,28.7,8,28.75,3,2,2021-12-14 10:51:40
1639479170389494000,28.7,5,28.7,3,28.75,2,2,2021-12-14 10:52:50
1639479174335580000,28.7,3,28.65,15,28.7,1,2,2021-12-14 10:52:54
1639479185967369000,28.65,4,28.65,11,28.7,3,2,2021-12-14 10:53:05
1639479209581902000,28.65,2,28.65,9,28.7,2,2,2021-12-14 10:53:29
1639479242916755000,28.65,2,28.65,7,28.7,2,2,2021-12-14 10:54:02
1639479263608844000,28.65,3,28.65,4,28.7,2,2,2021-12-14 10:54:23
1639479273133164000,28.65,3,28.65,1,28.7,2,2,2021-12-14 10:54:33
1639479293077397000,28.65,1,28.6,87,28.7,2,2,2021-12-14 10:54:53
1639479313349348000,28.65,2,28.6,87,28.65,21,2,2021-12-14 10:55:13
1639479328387592000,28.6,3,28.6,84,28.65,21,2,2021-12-14 10:55:28
1639479339718831000,28.6,70,28.6,14,28.7,2,2,2021-12-14 10:55:39
1639479341521766000,28.6,14,28.55,51,28.6,16,2,2021-12-14 10:55:41
1639479355877956000,28.55,16,28.55,35,28.6,20,2,2021-12-14 10:55:55
1639479356104784000,28.55,13,28.55,22,28.6,20,2,2021-12-14 10:55:56
1639479362931083000,28.55,3,28.55,19,28.6,20,2,2021-12-14 10:56:02
1639479363652579000,28.55,2,28.55,17,28.6,20,2,2021-12-14 10:56:03
1639479365438410000,28.55,2,28.55,15,28.6,40,2,2021-12-14 10:56:05
1639479365464233000,28.55,15,28.5,26,28.6,40,2,2021-12-14 10:56:05
1639479371846302000,28.5,6,28.5,20,28.55,5,2,2021-12-14 10:56:11
1639479383457094000,28.5,1,28.5,19,28.55,6,2,2021-12-14 10:56:23
1639479393516965000,28.5,19,28.45,10,28.55,1,2,2021-12-14 10:56:33
1639479393516965000,28.45,2,28.45,10,28.55,1,2,2021-12-14 10:56:33
1639479431726810000,28.5,1,28.4,6,28.45,7,1,2021-12-14 10:57:11
1639479431726810000,28.45,12,28.4,6,28.45,7,2,2021-12-14 10:57:11
1639479438306973000,28.45,1,28.4,6,28.45,6,1,2021-12-14 10:57:18
1639479443679884000,28.4,1,28.4,5,28.45,6,2,2021-12-14 10:57:23
1639479486140673000,28.4,5,28.35,3,28.4,5,2,2021-12-14 10:58:06
1639479493314743000,28.4,1,28.35,3,28.4,4,1,2021-12-14 10:58:13
1639479557792598000,28.4,4,28.4,1,28.55,4,2,2021-12-14 10:59:17
1639479576450023000,28.45,1,28.4,1,28.95,2,1,2021-12-14 10:59:36
1639479576450023000,28.55,4,28.4,1,28.95,2,1,2021-12-14 10:59:36
1639479576450023000,28.7,3,28.4,1,28.95,2,1,2021-12-14 10:59:36
1639479576450023000,28.75,1,28.4,1,28.95,2,1,2021-12-14 10:59:36
1639479576450023000,28.8,5,28.4,1,28.95,2,1,2021-12-14 10:59:36
1639479576450023000,28.9,3,28.4,1,28.95,2,1,2021-12-14 10:59:36
1639479648061721000,28.85,3,28.55,4,28.9,5,2,2021-12-14 11:00:48
1639479648061721000,28.9,2,28.55,4,28.9,5,1,2021-12-14 11:00:48
1639479759556132000,28.6,2,28.55,1,28.85,4,2,2021-12-14 11:02:39
1639479759556132000,28.55,4,28.55,1,28.85,4,2,2021-12-14 11:02:39
1639479941972350000,28.6,1,28.55,1,28.7,1,1,2021-12-14 11:05:41
1639479960260562000,28.55,1,28.5,2,28.7,2,2,2021-12-14 11:06:00
1639480393621060000,28.65,1,28.55,1,28.85,10,1,2021-12-14 11:13:13
1639480393621060000,28.7,2,28.55,1,28.85,10,1,2021-12-14 11:13:13
1639480393621060000,28.75,1,28.55,1,28.85,10,1,2021-12-14 11:13:13
1639480393621060000,28.8,2,28.55,1,28.85,10,1,2021-12-14 11:13:13
1639480405791634000,28.7,1,28.55,2,28.85,8,2,2021-12-14 11:13:25
1639480482469977000,28.55,2,28.5,2,28.7,10,2,2021-12-14 11:14:42
1639480675991832000,28.55,5,28.5,9,28.55,5,1,2021-12-14 11:17:55
1639480676196532000,28.55,5,28.5,9,28.75,4,1,2021-12-14 11:17:56
1639480758560602000,28.6,1,28.55,8,28.6,2,1,2021-12-14 11:19:18
1639480762797302000,28.6,2,28.55,8,28.75,3,1,2021-12-14 11:19:22
1639480881821694000,28.75,4,28.55,8,28.8,6,1,2021-12-14 11:21:21
1639480932733158000,28.6,1,28.55,8,28.8,5,2,2021-12-14 11:22:12
1639481121254857000,28.6,3,28.5,9,28.8,5,2,2021-12-14 11:25:21
1639481121254857000,28.55,2,28.5,9,28.8,5,2,2021-12-14 11:25:21
1639481235546870000,28.55,2,28.5,8,28.7,3,2,2021-12-14 11:27:15
1639481466963593000,28.6,2,28.55,5,28.65,10,1,2021-12-14 11:31:06
1639481485096030000,28.55,1,28.55,4,28.65,10,2,2021-12-14 11:31:25
1639481485132966000,28.55,4,28.5,8,28.65,10,2,2021-12-14 11:31:25
1639481520859227000,28.55,2,28.5,9,28.65,10,1,2021-12-14 11:32:00
1639481570141816000,28.5,8,28.45,2,28.55,10,2,2021-12-14 11:32:50
1639481658828020000,28.5,1,28.5,1,28.55,10,1,2021-12-14 11:34:18
1639481658846809000,28.5,1,28.45,2,28.55,10,2,2021-12-14 11:34:18
1639481736044463000,28.5,4,28.5,8,28.55,10,1,2021-12-14 11:35:36
1639481740279662000,28.5,8,28.45,2,28.55,10,2,2021-12-14 11:35:40
1639481798885067000,28.45,3,28.4,3,28.5,2,2,2021-12-14 11:36:38
1639481812107317000,28.4,2,28.35,6,28.5,2,2,2021-12-14 11:36:52
1639481812107317000,28.35,3,28.35,6,28.5,2,2,2021-12-14 11:36:52
1639481900056085000,28.4,2,28.35,13,28.5,2,1,2021-12-14 11:38:20
1639481900056085000,28.35,3,28.35,13,28.5,2,2,2021-12-14 11:38:20
1639481908245555000,28.35,1,28.35,12,28.5,2,2,2021-12-14 11:38:28
1639481922442394000,28.35,1,28.35,12,28.45,5,2,2021-12-14 11:38:42
1639481931624285000,28.35,10,28.35,2,28.5,3,2,2021-12-14 11:38:51
1639481968367918000,28.35,2,28.3,20,28.35,3,2,2021-12-14 11:39:28
1639482184503383000,28.35,4,28.3,19,28.35,6,2,2021-12-14 11:43:04
1639482196696403000,28.3,4,28.3,15,28.35,6,2,2021-12-14 11:43:16
1639482197541007000,28.3,4,28.3,11,28.35,6,2,2021-12-14 11:43:17
1639482198159566000,28.3,4,28.3,7,28.35,6,2,2021-12-14 11:43:18
1639482199147936000,28.3,5,28.3,2,28.35,6,2,2021-12-14 11:43:19
1639482200246750000,28.3,1,28.3,1,28.35,6,2,2021-12-14 11:43:20
1639482207872443000,28.3,1,28.25,12,28.35,6,2,2021-12-14 11:43:27
1639482398292545000,28.25,10,28.25,2,28.3,6,2,2021-12-14 11:46:38
1639482426358845000,28.25,1,28.25,1,28.3,6,2,2021-12-14 11:47:06
1639482465913296000,28.25,1,28.2,2,28.25,1,2,2021-12-14 11:47:45
1639482466502810000,28.2,2,28.15,4,28.25,1,2,2021-12-14 11:47:46
1639482466502810000,28.15,3,28.15,4,28.25,1,2,2021-12-14 11:47:46
1639482483690534000,28.15,4,28.1,11,28.25,1,2,2021-12-14 11:48:03
1639482486459686000,28.1,1,28.1,10,28.25,2,2,2021-12-14 11:48:06
1639482514656911000,28.15,1,28.1,11,28.25,6,1,2021-12-14 11:48:34
1639482577763966000,28.15,1,28.15,6,28.25,4,2,2021-12-14 11:49:37
1639482678842745000,28.2,14,28.1,14,28.25,9,1,2021-12-14 11:51:18
1639482678842745000,28.15,6,28.1,14,28.25,9,2,2021-12-14 11:51:18
1639482710580763000,28.1,10,28.1,4,28.25,9,2,2021-12-14 11:51:50
1639482764680328000,28.1,9,28.05,6,28.2,2,2,2021-12-14 11:52:44
1639482764680328000,28.05,9,28.05,6,28.2,2,2,2021-12-14 11:52:44
1639482789481073000,28.05,4,28.05,2,28.2,7,2,2021-12-14 11:53:09
1639482796366576000,28.05,3,28.0,44,28.05,1,2,2021-12-14 11:53:16
1639482798459591000,28.05,1,28.0,43,28.2,7,1,2021-12-14 11:53:18
1639482819751954000,28.05,1,28.0,42,28.05,2,2,2021-12-14 11:53:39
1639482832745406000,28.0,3,28.0,39,28.05,2,2,2021-12-14 11:53:52
1639482836791106000,28.0,3,28.0,41,28.05,2,2,2021-12-14 11:53:56
1639482836926089000,28.05,1,28.0,41,28.05,1,1,2021-12-14 11:53:56
1639482851187665000,28.05,1,28.0,41,28.2,5,1,2021-12-14 11:54:11
1639482978755417000,28.05,5,28.05,2,28.2,4,2,2021-12-14 11:56:18
1639483099809108000,28.05,8,28.0,1,28.2,4,2,2021-12-14 11:58:19
1639483099809108000,28.0,44,28.0,1,28.2,4,2,2021-12-14 11:58:19
1639483113016173000,28.0,1,27.95,4,28.0,1,2,2021-12-14 11:58:33
1639483123226524000,27.95,1,27.95,3,28.0,1,2,2021-12-14 11:58:43
1639483136076870000,27.95,3,27.9,9,27.95,7,2,2021-12-14 11:58:56
1639483137623856000,27.95,1,27.9,9,27.95,6,1,2021-12-14 11:58:57
1639483139034348000,27.95,1,27.9,9,27.95,5,1,2021-12-14 11:58:59
1639483155036423000,27.95,2,27.9,8,27.95,3,1,2021-12-14 11:59:15
1639483164019192000,27.95,2,27.9,8,27.95,1,1,2021-12-14 11:59:24
1639483165519420000,27.95,1,27.9,8,28.0,1,1,2021-12-14 11:59:25
1639483166544765000,27.9,1,27.9,7,28.0,1,2,2021-12-14 11:59:26
1639483176232336000,27.9,1,27.9,6,28.0,1,2,2021-12-14 11:59:36
1639483232116949000,27.95,2,27.9,6,28.0,1,1,2021-12-14 12:00:32
1639483260973885000,28.0,1,28.0,9,28.05,2,1,2021-12-14 12:01:00
1639483284462469000,28.05,2,28.0,10,28.1,1,1,2021-12-14 12:01:24
1639483306521306000,28.1,1,28.05,2,28.15,24,1,2021-12-14 12:01:46
1639483340121055000,28.1,1,28.1,1,28.15,24,1,2021-12-14 12:02:20
1639483377121835000,28.1,1,28.1,4,28.15,24,2,2021-12-14 12:02:57
1639483532952062000,28.15,3,28.1,9,28.15,21,1,2021-12-14 12:05:32
1639483541730299000,28.15,1,28.1,9,28.15,20,1,2021-12-14 12:05:41
1639483574713494000,28.15,2,28.1,14,28.15,18,1,2021-12-14 12:06:14
1639483652065887000,28.15,2,28.1,15,28.15,16,1,2021-12-14 12:07:32
1639483704772297000,28.15,2,28.1,15,28.15,14,1,2021-12-14 12:08:24
1639483742790540000,28.1,11,28.05,4,28.15,15,2,2021-12-14 12:09:02
1639483749793553000,28.15,5,28.05,4,28.15,9,1,2021-12-14 12:09:09
1639483749819663000,28.15,9,28.05,4,28.2,5,1,2021-12-14 12:09:09
1639483757394749000,28.2,4,28.2,1,28.25,9,1,2021-12-14 12:09:17
1639483757421934000,28.2,1,28.05,5,28.25,8,2,2021-12-14 12:09:17
1639483799625677000,28.25,8,28.05,5,28.55,1,1,2021-12-14 12:09:59
1639483799625677000,28.3,3,28.05,5,28.55,1,1,2021-12-14 12:09:59
1639483799625677000,28.4,2,28.05,5,28.55,1,1,2021-12-14 12:09:59
1639483799625677000,28.45,4,28.05,5,28.55,1,1,2021-12-14 12:09:59
1639483799625677000,28.5,1,28.05,5,28.55,1,1,2021-12-14 12:09:59
1639483834996227000,28.55,2,28.1,3,28.8,1,1,2021-12-14 12:10:34
1639483834996227000,28.6,2,28.1,3,28.8,1,1,2021-12-14 12:10:34
1639483834996227000,28.7,2,28.1,3,28.8,1,1,2021-12-14 12:10:34
1639483834996227000,28.75,5,28.1,3,28.8,1,1,2021-12-14 12:10:34
1639483834996227000,28.8,3,28.1,3,28.8,1,1,2021-12-14 12:10:34
1639483872617243000,28.3,1,28.25,3,28.65,1,2,2021-12-14 12:11:12
1639483970047208000,28.3,2,28.3,1,28.55,2,2,2021-12-14 12:12:50
1639483996432229000,28.2,3,28.05,5,28.55,2,2,2021-12-14 12:13:16
1639483996432229000,28.15,1,28.05,5,28.55,2,2,2021-12-14 12:13:16
1639483996432229000,28.1,2,28.05,5,28.55,2,2,2021-12-14 12:13:16
1639483996432229000,28.05,1,28.05,5,28.55,2,2,2021-12-14 12:13:16
1639484033147995000,28.1,1,28.1,1,28.25,1,1,2021-12-14 12:13:53
1639484074590653000,28.1,1,28.05,6,28.25,1,2,2021-12-14 12:14:34
1639484074590653000,28.05,1,28.05,6,28.25,1,2,2021-12-14 12:14:34
1639484424591071000,28.15,1,28.1,5,28.3,2,1,2021-12-14 12:20:24
1639484433673356000,28.1,5,28.05,14,28.3,2,2,2021-12-14 12:20:33
1639484623686433000,28.15,2,28.1,3,28.2,1,1,2021-12-14 12:23:43
1639484710540123000,28.1,1,28.1,1,28.15,1,2,2021-12-14 12:25:10
1639484722158675000,28.1,1,28.05,26,28.2,1,2,2021-12-14 12:25:22
1639484872927789000,28.1,1,28.05,26,28.2,2,2,2021-12-14 12:27:52
1639485021230860000,28.15,2,28.05,24,28.1,6,1,2021-12-14 12:30:21
1639485021230860000,28.1,2,28.05,24,28.1,6,2,2021-12-14 12:30:21
1639485024836319000,28.1,1,28.05,23,28.1,6,1,2021-12-14 12:30:24
1639485065401987000,28.1,1,28.05,23,28.1,5,1,2021-12-14 12:31:05
1639485099494992000,28.05,2,28.05,23,28.1,5,2,2021-12-14 12:31:39
1639485107892602000,28.05,1,28.05,22,28.1,5,2,2021-12-14 12:31:47
1639485127904955000,28.1,1,28.05,22,28.1,4,1,2021-12-14 12:32:07
1639485149525720000,28.05,3,28.05,19,28.1,4,2,2021-12-14 12:32:29
1639485169082038000,28.1,1,28.05,20,28.1,3,1,2021-12-14 12:32:49
1639485263713435000,28.1,1,28.05,20,28.1,2,1,2021-12-14 12:34:23
1639485375041015000,28.1,1,28.05,20,28.1,1,1,2021-12-14 12:36:15
1639485386163604000,28.1,1,28.05,20,28.2,3,1,2021-12-14 12:36:26
1639485408310556000,28.1,1,28.05,21,28.2,4,1,2021-12-14 12:36:48
1639485780235454000,28.15,1,28.1,7,28.15,1,1,2021-12-14 12:43:00
1639486032767049000,28.15,1,28.1,8,28.2,4,2,2021-12-14 12:47:12
1639486072173721000,28.1,5,28.1,3,28.2,4,2,2021-12-14 12:47:52
1639486072198992000,28.1,3,28.05,24,28.2,5,2,2021-12-14 12:47:52
1639486080795880000,28.05,5,28.05,19,28.2,5,2,2021-12-14 12:48:00
1639486226374966000,28.05,1,28.05,20,28.15,1,2,2021-12-14 12:50:26
1639486258067867000,28.05,20,27.9,1,28.15,2,2,2021-12-14 12:50:58
1639486258067867000,28.0,38,27.9,1,28.15,2,2,2021-12-14 12:50:58
1639486258067867000,27.9,9,27.9,1,28.15,2,2,2021-12-14 12:50:58
1639486300112622000,27.9,1,27.85,5,28.15,2,2,2021-12-14 12:51:40
1639486300112622000,27.85,4,27.85,5,28.15,2,2,2021-12-14 12:51:40
1639486315976121000,27.85,1,27.85,5,28.15,5,2,2021-12-14 12:51:55
1639486367521542000,27.9,1,27.9,1,28.1,7,1,2021-12-14 12:52:47
1639486379973296000,27.9,1,27.85,7,27.9,2,2,2021-12-14 12:52:59
1639486392800575000,27.9,1,27.85,27,27.9,1,1,2021-12-14 12:53:12
1639486393616085000,27.9,1,27.85,27,28.0,1,1,2021-12-14 12:53:13
1639486443722414000,27.9,1,27.9,1,28.0,1,2,2021-12-14 12:54:03
1639486470790677000,27.95,1,27.95,1,28.0,1,1,2021-12-14 12:54:30
1639486476333610000,28.0,1,27.95,1,28.1,7,1,2021-12-14 12:54:36
1639486606837572000,28.0,1,27.95,1,28.0,1,2,2021-12-14 12:56:46
1639486618839588000,27.95,1,27.9,8,28.0,1,2,2021-12-14 12:56:58
1639486618839588000,27.9,3,27.9,8,28.0,1,2,2021-12-14 12:56:58
1639486636092567000,27.9,1,27.9,7,28.0,1,2,2021-12-14 12:57:16
1639486667053740000,27.9,1,27.9,9,28.0,1,2,2021-12-14 12:57:47
1639486776618523000,27.9,4,27.9,3,28.1,10,2,2021-12-14 12:59:36
1639486780354657000,27.9,1,27.9,2,28.1,10,2,2021-12-14 12:59:40
1639486789343476000,27.9,1,27.9,1,28.1,10,2,2021-12-14 12:59:49
1639486790877261000,27.9,1,27.85,26,28.1,10,2,2021-12-14 12:59:50
1639486996917353000,28.0,1,27.9,25,28.05,3,1,2021-12-14 13:03:16
1639487017994981000,28.05,1,27.9,25,28.1,10,1,2021-12-14 13:03:37
1639487137766099000,28.05,2,28.0,1,28.05,1,1,2021-12-14 13:05:37
1639487137787096000,28.05,1,28.0,1,28.1,9,1,2021-12-14 13:05:37
1639487184443550000,28.05,1,28.05,2,28.1,9,2,2021-12-14 13:06:24
1639487215474116000,28.05,2,28.0,1,28.1,7,2,2021-12-14 13:06:55
1639487252659959000,28.05,1,28.05,1,28.1,7,1,2021-12-14 13:07:32
1639487263933352000,28.05,1,28.0,1,28.1,7,2,2021-12-14 13:07:43
1639487320938945000,28.0,2,27.95,1,28.0,8,2,2021-12-14 13:08:40
1639487345508036000,27.95,1,27.9,18,28.05,1,2,2021-12-14 13:09:05
1639487345508036000,27.9,7,27.9,18,28.05,1,2,2021-12-14 13:09:05
1639487434653513000,27.9,19,27.85,19,27.9,2,2,2021-12-14 13:10:34
1639487437121802000,27.85,1,27.85,18,27.9,2,2,2021-12-14 13:10:37
1639487446315043000,27.85,2,27.85,16,27.9,2,2,2021-12-14 13:10:46
1639487448766660000,27.85,2,27.85,14,27.9,2,2,2021-12-14 13:10:48
1639487449223831000,27.85,1,27.85,13,27.9,2,2,2021-12-14 13:10:49
1639487452686062000,27.85,1,27.85,12,27.9,2,2,2021-12-14 13:10:52
1639487454998491000,27.85,2,27.85,10,27.9,2,2,2021-12-14 13:10:54
1639487461170546000,27.85,1,27.85,9,27.9,2,2,2021-12-14 13:11:01
1639487465851341000,27.9,2,27.85,10,27.95,1,1,2021-12-14 13:11:05
1639487536501281000,27.85,2,27.85,6,27.9,1,2,2021-12-14 13:12:16
1639487553743646000,27.85,1,27.85,5,27.9,3,2,2021-12-14 13:12:33
1639487575978946000,27.85,2,27.85,4,27.9,4,2,2021-12-14 13:12:55
1639487586721691000,27.85,1,27.85,4,27.9,3,2,2021-12-14 13:13:06
1639487596966394000,27.85,2,27.85,4,27.9,5,2,2021-12-14 13:13:16
1639487603239907000,27.85,1,27.85,3,27.9,5,2,2021-12-14 13:13:23
1639487614012610000,27.85,2,27.85,2,27.9,3,2,2021-12-14 13:13:34
1639487616808271000,27.85,1,27.85,1,27.9,3,2,2021-12-14 13:13:36
1639487654118368000,27.9,1,27.85,2,27.9,2,1,2021-12-14 13:14:14
1639487693292109000,27.9,1,27.85,3,27.9,12,1,2021-12-14 13:14:53
1639487722979950000,27.85,1,27.85,1,27.9,12,2,2021-12-14 13:15:22
1639487725201394000,27.85,1,27.8,25,27.9,11,2,2021-12-14 13:15:25
1639487755242351000,27.85,1,27.8,25,27.9,11,2,2021-12-14 13:15:55
1639487759415517000,27.85,1,27.8,6,27.9,11,2,2021-12-14 13:15:59
1639487759415517000,27.8,19,27.8,6,27.9,11,2,2021-12-14 13:15:59
1639487766404880000,27.8,2,27.8,4,27.9,11,2,2021-12-14 13:16:06
1639487778847875000,27.8,3,27.8,2,27.85,3,2,2021-12-14 13:16:18
1639487778878653000,27.8,1,27.8,1,27.85,3,2,2021-12-14 13:16:18
1639487796863341000,27.8,1,27.75,8,27.85,3,2,2021-12-14 13:16:36
1639487855520214000,27.75,2,27.75,8,27.8,20,2,2021-12-14 13:17:35
1639487857760430000,27.75,7,27.75,1,27.8,20,2,2021-12-14 13:17:37
1639487863763989000,27.75,1,27.7,27,27.75,9,2,2021-12-14 13:17:43
1639487866733483000,27.75,2,27.7,28,27.75,11,1,2021-12-14 13:17:46
1639487892198379000,27.75,1,27.7,28,27.75,14,1,2021-12-14 13:18:12
1639487894287787000,27.75,1,27.7,28,27.75,13,1,2021-12-14 13:18:14
1639487898136038000,27.75,1,27.7,22,27.75,12,1,2021-12-14 13:18:18
1639487913450631000,27.7,10,27.7,12,27.75,12,2,2021-12-14 13:18:33
1639487917337867000,27.75,1,27.7,12,27.75,11,1,2021-12-14 13:18:37
1639487926737964000,27.7,1,27.7,11,27.75,11,2,2021-12-14 13:18:46
1639487933141891000,27.7,1,27.7,10,27.75,11,2,2021-12-14 13:18:53
1639487933862350000,27.7,10,27.65,10,27.7,3,2,2021-12-14 13:18:53
1639487937145177000,27.7,1,27.65,11,27.7,5,1,2021-12-14 13:18:57
1639487947033553000,27.65,2,27.65,9,27.7,5,2,2021-12-14 13:19:07
1639487955397803000,27.7,5,27.65,10,27.75,11,1,2021-12-14 13:19:15
1639487965912488000,27.65,4,27.65,7,27.75,14,2,2021-12-14 13:19:25
1639487970623988000,27.65,2,27.65,5,27.75,14,2,2021-12-14 13:19:30
1639487974724549000,27.65,2,27.65,3,27.75,12,2,2021-12-14 13:19:34
1639488001291984000,27.7,1,27.65,3,27.75,12,1,2021-12-14 13:20:01
1639488001951721000,27.75,5,27.65,3,27.75,7,1,2021-12-14 13:20:01
1639488050577007000,27.7,1,27.65,5,27.75,9,2,2021-12-14 13:20:50
1639488087763002000,27.7,2,27.7,2,27.75,8,2,2021-12-14 13:21:27
1639488099862849000,27.7,2,27.55,37,27.75,8,2,2021-12-14 13:21:39
1639488099862849000,27.65,7,27.55,37,27.75,8,2,2021-12-14 13:21:39
1639488099862849000,27.6,41,27.55,37,27.75,8,2,2021-12-14 13:21:39
1639488112118838000,27.65,1,27.55,37,27.75,10,1,2021-12-14 13:21:52
1639488141081200000,27.65,1,27.65,1,27.7,1,2,2021-12-14 13:22:21
1639488146093099000,27.65,1,27.6,13,27.65,1,2,2021-12-14 13:22:26
1639488146129785000,27.65,1,27.6,13,27.7,1,1,2021-12-14 13:22:26
1639488151214694000,27.6,1,27.6,12,27.7,1,2,2021-12-14 13:22:31
1639488180299908000,27.7,2,27.6,19,27.7,1,1,2021-12-14 13:23:00
1639488182544933000,27.6,1,27.6,19,27.75,8,2,2021-12-14 13:23:02
1639488205982401000,27.7,1,27.75,1,27.8,21,1,2021-12-14 13:23:25
1639488205982401000,27.75,8,27.75,1,27.8,21,1,2021-12-14 13:23:25
1639488226966102000,27.75,1,27.65,1,27.8,21,2,2021-12-14 13:23:46
1639488258879475000,27.75,1,27.65,6,27.8,21,1,2021-12-14 13:24:18
1639488261385477000,27.65,3,27.65,2,27.8,21,2,2021-12-14 13:24:21
1639488289702487000,27.65,1,27.65,8,27.75,1,2,2021-12-14 13:24:49
1639488600000000000,27.7,69,27.65,4,27.7,7,1,2021-12-14 13:30:00
