ts,close,volume,bid_price,bid_volume,ask_price,ask_volume,tick_type,datetime
1639472407185791000,113.0,60,112.5,4,113.0,11,2,2021-12-14 09:00:07
1639472407365284000,112.5,3,112.5,1,113.0,11,2,2021-12-14 09:00:07
1639472410333338000,112.5,1,112.0,6,113.0,11,2,2021-12-14 09:00:10
1639472410893188000,112.5,1,112.5,1,113.0,11,1,2021-12-14 09:00:10
1639472412421415000,112.5,1,112.0,6,113.0,7,2,2021-12-14 09:00:12
1639472413794563000,113.0,1,112.0,6,113.0,6,1,2021-12-14 09:00:13
1639472414177142000,112.0,3,112.0,3,113.0,6,2,2021-12-14 09:00:14
1639472414425810000,112.0,2,112.0,1,113.0,12,2,2021-12-14 09:00:14
1639472415179723000,112.0,1,111.5,1,112.0,5,2,2021-12-14 09:00:15
1639472417112512000,112.0,5,111.5,1,112.0,1,1,2021-12-14 09:00:17
1639472417139749000,112.0,1,111.5,1,113.0,6,1,2021-12-14 09:00:17
1639472424407421000,112.5,1,111.5,1,113.0,6,1,2021-12-14 09:00:24
1639472430174263000,112.0,1,111.5,1,113.0,8,2,2021-12-14 09:00:30
1639472447464669000,112.0,1,111.5,3,112.5,1,2,2021-12-14 09:00:47
1639472448663391000,112.0,1,111.5,3,113.0,7,1,2021-12-14 09:00:48
1639472459433270000,112.0,2,111.5,3,112.0,1,2,2021-12-14 09:00:59
1639472460013258000,112.0,1,111.5,3,112.5,3,1,2021-12-14 09:01:00
1639472483697874000,112.0,2,111.5,3,112.5,3,2,2021-12-14 09:01:23
1639472484088289000,112.0,1,111.5,3,112.5,3,1,2021-12-14 09:01:24
1639472485303954000,112.0,1,111.5,3,112.5,2,1,2021-12-14 09:01:25
1639472495268594000,112.0,1,111.5,3,112.5,2,2,2021-12-14 09:01:35
1639472498575240000,112.0,1,111.5,3,112.5,4,1,2021-12-14 09:01:38
1639472509399032000,111.5,1,111.5,2,112.0,2,2,2021-12-14 09:01:49
1639472517636830000,111.5,1,111.5,1,112.0,3,2,2021-12-14 09:01:57
1639472519257972000,111.5,1,111.5,1,112.0,3,2,2021-12-14 09:01:59
1639472520435680000,111.5,1,111.0,4,111.5,1,2,2021-12-14 09:02:00
1639472520465861000,111.5,1,111.0,4,112.0,3,1,2021-12-14 09:02:00
1639472522653385000,111.5,1,111.0,4,112.0,4,2,2021-12-14 09:02:02
1639472523091727000,111.0,2,111.0,2,112.0,4,2,2021-12-14 09:02:03
1639472523119356000,111.0,2,110.5,4,112.0,4,2,2021-12-14 09:02:03
1639472523119356000,110.5,2,110.5,4,112.0,4,2,2021-12-14 09:02:03
1639472524746840000,110.5,1,110.5,3,111.5,1,2,2021-12-14 09:02:04
1639472526394558000,110.5,1,110.5,2,112.0,4,2,2021-12-14 09:02:06
1639472537164438000,111.5,1,111.0,2,112.0,3,1,2021-12-14 09:02:17
1639472543432265000,112.0,3,111.0,3,112.5,5,1,2021-12-14 09:02:23
1639472549339376000,112.0,1,112.0,2,112.5,4,2,2021-12-14 09:02:29
1639472551521785000,112.0,1,112.0,1,112.5,4,2,2021-12-14 09:02:31
1639472552199653000,112.0,1,111.0,17,112.0,4,2,2021-12-14 09:02:32
1639472552229341000,112.0,4,111.0,17,112.5,4,1,2021-12-14 09:02:32
1639472556567060000,112.0,1,111.5,3,112.5,4,1,2021-12-14 09:02:36
1639472567288931000,112.0,1,112.0,1,112.5,4,2,2021-12-14 09:02:47
1639472567903866000,112.5,1,112.0,1,112.5,3,1,2021-12-14 09:02:47
1639472572868298000,112.0,1,111.5,5,112.5,3,2,2021-12-14 09:02:52
1639472584857894000,112.5,1,111.5,3,112.5,4,1,2021-12-14 09:03:04
1639472635376127000,112.5,2,112.0,2,112.5,5,1,2021-12-14 09:03:55
1639472636702009000,112.0,2,111.5,9,112.0,1,2,2021-12-14 09:03:56
1639472641643548000,112.0,1,111.5,4,112.0,2,1,2021-12-14 09:04:01
1639472641695225000,112.0,2,111.5,4,112.5,5,1,2021-12-14 09:04:01
1639472649064339000,112.0,2,111.5,4,112.5,6,2,2021-12-14 09:04:09
1639472677875717000,112.0,1,112.0,3,112.5,5,2,2021-12-14 09:04:37
1639472688463901000,112.0,1,112.0,1,112.5,10,2,2021-12-14 09:04:48
1639472689777600000,112.5,1,112.0,1,112.5,8,1,2021-12-14 09:04:49
1639472691358980000,112.0,1,111.5,5,112.5,8,2,2021-12-14 09:04:51
1639472698299885000,112.0,1,112.0,1,112.5,11,2,2021-12-14 09:04:58
1639472699930944000,112.0,1,111.5,1,112.5,6,2,2021-12-14 09:04:59
1639472699930944000,111.5,4,111.5,1,112.5,6,2,2021-12-14 09:04:59
1639472720006835000,111.5,1,111.5,1,112.0,2,2,2021-12-14 09:05:20
1639472723190129000,111.5,1,111.0,17,112.0,5,2,2021-12-14 09:05:23
1639472734093014000,111.0,3,111.0,14,112.0,6,2,2021-12-14 09:05:34
1639472744017493000,111.0,1,111.0,14,111.5,1,2,2021-12-14 09:05:44
1639472744636100000,111.0,2,111.0,12,111.5,1,2,2021-12-14 09:05:44
1639472746741404000,111.0,4,111.0,8,111.5,2,2,2021-12-14 09:05:46
1639472750349878000,111.0,1,111.0,7,111.5,2,2,2021-12-14 09:05:50
1639472752414150000,111.0,5,111.0,1,111.5,6,2,2021-12-14 09:05:52
1639472752449123000,111.0,1,110.5,9,111.5,6,2,2021-12-14 09:05:52
1639472754954204000,111.0,1,110.5,9,111.5,10,2,2021-12-14 09:05:54
1639472759679678000,111.0,1,111.0,1,111.5,10,2,2021-12-14 09:05:59
1639472759877157000,111.0,1,110.5,9,111.5,10,2,2021-12-14 09:05:59
1639472763694152000,111.0,1,110.5,9,111.5,7,2,2021-12-14 09:06:03
1639472770008428000,111.0,4,110.5,15,111.5,6,1,2021-12-14 09:06:10
1639472772531791000,111.5,5,111.0,1,111.5,1,1,2021-12-14 09:06:12
1639472772532132000,111.5,1,111.0,1,112.0,4,1,2021-12-14 09:06:12
1639472786129330000,112.0,1,111.0,5,112.0,6,1,2021-12-14 09:06:26
1639472787081847000,112.0,6,111.0,15,112.5,5,1,2021-12-14 09:06:27
1639472820178680000,112.0,1,112.0,1,112.5,5,2,2021-12-14 09:07:00
1639472826100066000,112.0,1,111.5,4,112.0,1,2,2021-12-14 09:07:06
1639472865974003000,111.5,3,111.0,19,112.0,6,2,2021-12-14 09:07:45
1639472899983174000,111.0,5,111.0,13,111.5,4,2,2021-12-14 09:08:19
1639472915910075000,111.0,1,111.0,11,111.5,9,2,2021-12-14 09:08:35
1639472927529451000,111.0,1,111.0,10,111.5,10,2,2021-12-14 09:08:47
1639472928866418000,111.0,1,111.0,9,111.5,10,2,2021-12-14 09:08:48
1639472930988427000,111.0,1,111.0,7,111.5,10,2,2021-12-14 09:08:50
1639472936858488000,111.0,1,111.0,16,111.5,10,2,2021-12-14 09:08:56
1639472941134362000,111.0,7,111.0,9,111.5,10,2,2021-12-14 09:09:01
1639472945758211000,111.0,2,111.0,7,111.5,10,2,2021-12-14 09:09:05
1639472945943717000,111.0,2,111.0,5,111.5,10,2,2021-12-14 09:09:05
1639472949371166000,111.0,2,111.0,3,111.5,10,2,2021-12-14 09:09:09
1639472949903561000,111.0,1,111.0,2,111.5,10,2,2021-12-14 09:09:09
1639472951056092000,111.0,1,111.0,1,111.5,10,2,2021-12-14 09:09:11
1639472951866106000,111.0,1,110.5,22,111.5,10,2,2021-12-14 09:09:11
1639472953125828000,110.5,1,110.5,19,111.5,10,2,2021-12-14 09:09:13
1639472965128655000,110.5,4,110.5,14,111.0,2,2,2021-12-14 09:09:25
1639472966867887000,110.5,1,110.5,14,111.0,5,2,2021-12-14 09:09:26
1639472970666797000,110.5,1,110.5,13,111.0,6,2,2021-12-14 09:09:30
1639472974168744000,110.5,1,110.5,12,111.0,6,2,2021-12-14 09:09:34
1639472976813615000,110.5,1,110.5,11,111.0,6,2,2021-12-14 09:09:36
1639472979606373000,111.0,1,110.5,11,111.0,5,1,2021-12-14 09:09:39
1639472982963823000,110.5,4,110.5,7,111.0,6,2,2021-12-14 09:09:42
1639472983370075000,110.5,2,110.5,5,111.0,6,2,2021-12-14 09:09:43
1639472985719587000,110.5,1,110.5,4,111.0,6,2,2021-12-14 09:09:45
1639472986082022000,110.5,1,110.5,3,111.0,6,2,2021-12-14 09:09:46
1639472988865870000,110.5,1,110.5,2,111.0,6,2,2021-12-14 09:09:48
1639472990454983000,110.5,1,110.5,1,111.0,6,2,2021-12-14 09:09:50
1639472990604185000,110.5,1,110.0,14,111.0,6,2,2021-12-14 09:09:50
1639472993801037000,110.0,1,110.0,14,111.0,6,2,2021-12-14 09:09:53
1639472996773246000,110.0,1,110.0,14,111.0,6,2,2021-12-14 09:09:56
1639472999268927000,110.0,2,110.0,12,111.0,6,2,2021-12-14 09:09:59
1639473008356889000,110.0,4,110.0,9,111.0,6,2,2021-12-14 09:10:08
1639473011387316000,110.0,1,110.0,8,110.5,2,2,2021-12-14 09:10:11
1639473012980369000,110.0,2,110.0,6,110.5,2,2,2021-12-14 09:10:12
1639473016699356000,110.5,1,110.0,6,110.5,1,1,2021-12-14 09:10:16
1639473017086223000,110.0,1,110.0,5,110.5,1,2,2021-12-14 09:10:17
1639473025426184000,110.0,3,110.0,3,110.5,1,2,2021-12-14 09:10:25
1639473026065660000,110.0,1,110.0,3,110.5,1,2,2021-12-14 09:10:26
1639473027445895000,110.0,2,110.0,1,110.5,1,2,2021-12-14 09:10:27
1639473030241903000,110.0,1,109.5,4,110.5,1,2,2021-12-14 09:10:30
1639473037578242000,110.0,2,109.5,5,110.5,1,2,2021-12-14 09:10:37
1639473042212790000,110.0,1,109.5,5,110.5,1,1,2021-12-14 09:10:42
1639473046174664000,110.0,5,109.5,4,110.0,7,1,2021-12-14 09:10:46
1639473050091447000,110.0,2,109.5,5,110.0,5,1,2021-12-14 09:10:50
1639473050129199000,110.0,5,109.5,5,110.5,1,1,2021-12-14 09:10:50
1639473051156792000,110.0,1,109.5,5,110.0,1,1,2021-12-14 09:10:51
1639473051747403000,110.0,1,109.5,6,110.5,3,1,2021-12-14 09:10:51
1639473054857395000,110.5,3,110.0,2,111.0,15,1,2021-12-14 09:10:54
1639473055493432000,110.0,1,110.0,2,111.0,15,2,2021-12-14 09:10:55
1639473056755636000,110.0,2,109.5,7,111.0,15,2,2021-12-14 09:10:56
1639473081574847000,110.0,1,110.0,4,110.5,2,2,2021-12-14 09:11:21
1639473083146607000,110.0,1,110.0,3,110.5,2,2,2021-12-14 09:11:23
1639473102468212000,110.0,1,110.0,2,110.5,2,2,2021-12-14 09:11:42
1639473108965491000,110.0,1,110.0,1,110.5,2,2,2021-12-14 09:11:48
1639473109722443000,110.0,1,109.5,3,110.5,3,2,2021-12-14 09:11:49
1639473109722443000,109.5,3,109.5,3,110.5,3,2,2021-12-14 09:11:49
1639473114476543000,109.5,1,109.5,3,110.5,3,2,2021-12-14 09:11:54
1639473120313008000,109.5,1,109.5,1,110.5,3,2,2021-12-14 09:12:00
1639473129371962000,109.5,4,109.0,17,110.0,1,2,2021-12-14 09:12:09
1639473129371962000,109.0,1,109.0,17,110.0,1,2,2021-12-14 09:12:09
1639473129616301000,109.0,1,109.0,17,110.0,1,2,2021-12-14 09:12:09
1639473133734378000,109.0,1,109.0,15,109.5,2,2,2021-12-14 09:12:13
1639473138359343000,109.0,1,109.0,14,109.5,3,2,2021-12-14 09:12:18
1639473140498455000,109.0,1,109.0,13,109.5,3,2,2021-12-14 09:12:20
1639473144039161000,109.0,1,109.0,13,109.5,3,2,2021-12-14 09:12:24
1639473145942788000,109.0,1,109.0,12,109.5,3,2,2021-12-14 09:12:25
1639473151094038000,109.0,4,109.0,8,109.5,5,2,2021-12-14 09:12:31
1639473155184862000,109.0,1,109.0,7,109.5,5,2,2021-12-14 09:12:35
1639473155221030000,109.0,1,109.0,6,109.5,5,2,2021-12-14 09:12:35
1639473158768805000,109.0,1,109.0,5,109.5,4,2,2021-12-14 09:12:38
1639473160638789000,109.0,5,108.5,6,109.5,4,2,2021-12-14 09:12:40
1639473161266827000,108.5,1,108.5,6,109.5,4,2,2021-12-14 09:12:41
1639473161920786000,109.0,1,108.5,5,109.5,4,1,2021-12-14 09:12:41
1639473164139934000,108.5,1,108.5,6,109.5,6,2,2021-12-14 09:12:44
1639473167079615000,108.5,1,108.5,2,109.0,2,2,2021-12-14 09:12:47
1639473172206382000,108.5,1,108.5,4,109.0,3,2,2021-12-14 09:12:52
1639473172982245000,108.5,4,108.0,26,109.0,3,2,2021-12-14 09:12:52
1639473174120221000,108.5,1,108.0,26,108.5,1,2,2021-12-14 09:12:54
1639473174121739000,108.0,1,108.0,25,108.5,1,2,2021-12-14 09:12:54
1639473174140068000,108.5,1,108.0,25,109.0,3,1,2021-12-14 09:12:54
1639473174222956000,108.0,3,108.0,22,109.0,3,2,2021-12-14 09:12:54
1639473174230284000,108.0,5,108.0,17,109.0,3,2,2021-12-14 09:12:54
1639473177296608000,108.5,1,108.0,17,108.5,2,1,2021-12-14 09:12:57
1639473177598248000,108.5,1,108.0,17,108.5,2,1,2021-12-14 09:12:57
1639473178703622000,108.5,2,108.5,7,109.0,5,1,2021-12-14 09:12:58
1639473180462756000,108.5,1,108.5,7,109.0,4,2,2021-12-14 09:13:00
1639473181205033000,109.0,4,108.5,8,109.5,17,1,2021-12-14 09:13:01
1639473183273672000,108.5,2,108.5,8,109.5,15,2,2021-12-14 09:13:03
1639473183339583000,108.5,1,108.5,6,109.5,15,2,2021-12-14 09:13:03
1639473183985614000,109.0,2,108.5,6,109.5,15,1,2021-12-14 09:13:03
1639473185527208000,109.0,1,108.5,10,109.5,15,2,2021-12-14 09:13:05
1639473188897007000,109.0,2,108.5,10,109.5,15,2,2021-12-14 09:13:08
1639473189925443000,109.0,1,109.0,4,109.5,15,2,2021-12-14 09:13:09
1639473190256048000,109.0,2,109.0,2,109.5,15,2,2021-12-14 09:13:10
1639473192703531000,109.0,1,108.5,10,109.5,15,1,2021-12-14 09:13:12
1639473192875663000,109.0,2,108.5,10,109.5,15,1,2021-12-14 09:13:12
1639473194119150000,109.0,1,109.0,6,109.5,15,2,2021-12-14 09:13:14
1639473197277353000,109.0,1,109.0,7,109.5,15,2,2021-12-14 09:13:17
1639473197346914000,109.0,1,109.0,6,109.5,15,2,2021-12-14 09:13:17
1639473197881518000,109.0,1,109.0,5,109.5,15,2,2021-12-14 09:13:17
1639473198522115000,109.0,1,109.0,4,109.5,15,2,2021-12-14 09:13:18
1639473200051559000,109.0,4,108.5,15,109.5,17,2,2021-12-14 09:13:20
1639473207813233000,109.0,4,109.0,2,109.5,27,2,2021-12-14 09:13:27
1639473208088039000,109.5,3,109.0,2,109.5,24,1,2021-12-14 09:13:28
1639473215837053000,109.0,1,109.0,3,109.5,28,2,2021-12-14 09:13:35
1639473220144080000,109.0,1,109.0,2,109.5,28,2,2021-12-14 09:13:40
1639473223183979000,109.0,2,109.0,1,109.5,28,2,2021-12-14 09:13:43
1639473227418077000,109.0,1,108.5,16,109.5,30,2,2021-12-14 09:13:47
1639473237950877000,109.0,2,108.5,13,109.5,19,1,2021-12-14 09:13:57
1639473240733808000,109.0,1,108.5,13,109.5,19,1,2021-12-14 09:14:00
1639473242640059000,109.5,19,109.0,1,110.0,6,1,2021-12-14 09:14:02
1639473248579562000,109.0,1,109.0,3,110.0,7,2,2021-12-14 09:14:08
1639473261359794000,109.0,1,109.0,4,110.0,7,2,2021-12-14 09:14:21
1639473274844300000,109.0,5,109.0,5,110.0,7,2,2021-12-14 09:14:34
1639473291297045000,109.0,2,108.5,16,109.0,6,1,2021-12-14 09:14:51
1639473304603633000,109.0,1,108.5,18,109.0,5,1,2021-12-14 09:15:04
1639473308419144000,109.0,1,108.5,20,109.0,8,1,2021-12-14 09:15:08
1639473317813379000,109.0,1,108.5,21,109.0,7,1,2021-12-14 09:15:17
1639473318142424000,109.0,1,108.5,21,109.0,6,1,2021-12-14 09:15:18
1639473320317497000,109.0,2,108.5,21,109.5,3,1,2021-12-14 09:15:20
1639473327907031000,109.0,1,108.5,21,109.5,3,1,2021-12-14 09:15:27
1639473374876356000,109.0,2,108.5,26,109.0,7,2,2021-12-14 09:16:14
1639473394181680000,108.5,1,108.5,25,109.0,14,2,2021-12-14 09:16:34
1639473399137525000,108.5,1,108.5,24,109.0,14,2,2021-12-14 09:16:39
1639473404769327000,109.0,1,108.5,25,109.0,13,1,2021-12-14 09:16:44
1639473406865234000,108.5,1,108.5,24,109.0,14,2,2021-12-14 09:16:46
1639473409968366000,108.5,1,108.5,23,109.0,14,2,2021-12-14 09:16:49
1639473413162944000,108.5,2,108.5,21,109.0,15,2,2021-12-14 09:16:53
1639473428366167000,108.5,4,108.5,21,109.0,16,2,2021-12-14 09:17:08
1639473439951970000,108.5,1,108.5,17,109.0,21,2,2021-12-14 09:17:19
1639473444269353000,108.5,1,108.5,16,109.0,21,2,2021-12-14 09:17:24
1639473449042860000,108.5,1,108.5,15,109.0,21,2,2021-12-14 09:17:29
1639473475029397000,108.5,1,108.5,20,109.0,20,2,2021-12-14 09:17:55
1639473475850643000,108.5,1,108.5,19,109.0,20,2,2021-12-14 09:17:55
1639473486263886000,108.5,19,108.0,28,108.5,1,2,2021-12-14 09:18:06
1639473496125577000,108.5,1,108.0,28,108.5,6,1,2021-12-14 09:18:16
1639473499449764000,108.5,1,108.0,28,108.5,5,1,2021-12-14 09:18:19
1639473503499561000,108.5,1,108.0,29,108.5,4,1,2021-12-14 09:18:23
1639473503544639000,108.5,1,108.0,29,108.5,3,1,2021-12-14 09:18:23
1639473507058737000,108.5,1,108.0,29,108.5,2,1,2021-12-14 09:18:27
1639473507565911000,108.0,1,108.0,28,109.0,23,2,2021-12-14 09:18:27
1639473531950805000,108.0,1,108.0,27,108.5,1,2,2021-12-14 09:18:51
1639473542777208000,108.5,1,108.0,30,109.0,25,1,2021-12-14 09:19:02
1639473547103861000,109.0,12,108.5,8,109.0,13,1,2021-12-14 09:19:07
1639473547143729000,109.0,13,108.5,9,109.5,5,1,2021-12-14 09:19:07
1639473549310159000,108.5,2,108.5,7,109.5,5,2,2021-12-14 09:19:09
1639473556636136000,109.5,1,109.0,10,109.5,4,1,2021-12-14 09:19:16
1639473556668450000,109.5,3,109.0,10,109.5,1,1,2021-12-14 09:19:16
1639473556699511000,109.5,1,109.0,11,110.0,10,1,2021-12-14 09:19:16
1639473557446098000,109.0,1,109.0,12,110.0,10,2,2021-12-14 09:19:17
1639473561428868000,109.0,8,109.0,2,110.0,10,2,2021-12-14 09:19:21
1639473568477658000,109.5,3,109.5,2,110.0,9,1,2021-12-14 09:19:28
1639473568508231000,109.5,1,109.5,1,110.0,9,2,2021-12-14 09:19:28
1639473568889003000,109.5,1,109.0,5,110.0,9,2,2021-12-14 09:19:28
1639473592698566000,109.5,2,109.0,7,110.0,16,1,2021-12-14 09:19:52
1639473601539085000,110.0,3,109.5,7,110.0,13,1,2021-12-14 09:20:01
1639473602593211000,110.0,1,109.5,7,110.0,12,1,2021-12-14 09:20:02
1639473606568976000,110.0,1,109.5,7,110.0,12,1,2021-12-14 09:20:06
1639473609399964000,110.0,1,109.5,7,110.0,14,1,2021-12-14 09:20:09
1639473616855132000,110.0,1,109.5,7,110.0,4,1,2021-12-14 09:20:16
1639473619715094000,110.0,1,109.5,7,110.0,3,1,2021-12-14 09:20:19
1639473622015687000,110.0,1,109.5,6,110.0,2,1,2021-12-14 09:20:22
1639473622058959000,110.0,1,109.5,6,110.0,1,1,2021-12-14 09:20:22
1639473622094026000,110.0,1,109.5,6,110.5,4,1,2021-12-14 09:20:22
1639473623764357000,110.0,1,110.0,1,110.5,5,2,2021-12-14 09:20:23
1639473632330326000,110.5,1,110.0,9,110.5,4,1,2021-12-14 09:20:32
1639473635154790000,110.0,1,110.0,12,110.5,3,2,2021-12-14 09:20:35
1639473637594485000,110.5,2,110.0,13,110.5,1,1,2021-12-14 09:20:37
1639473637620480000,110.5,1,110.0,13,111.0,4,1,2021-12-14 09:20:37
1639473640553524000,110.5,1,110.0,14,111.0,5,2,2021-12-14 09:20:40
1639473644416223000,110.5,1,110.0,13,110.5,1,2,2021-12-14 09:20:44
1639473645246162000,110.5,1,110.5,1,111.0,5,1,2021-12-14 09:20:45
1639473646476198000,110.5,1,110.0,13,111.0,5,2,2021-12-14 09:20:46
1639473652295420000,110.5,1,110.0,13,110.5,9,1,2021-12-14 09:20:52
1639473655038045000,110.0,1,110.0,12,110.5,9,2,2021-12-14 09:20:55
1639473655071227000,110.0,4,110.0,2,110.5,9,2,2021-12-14 09:20:55
1639473655071536000,110.0,6,110.0,2,110.5,9,2,2021-12-14 09:20:55
1639473655101773000,110.0,2,109.5,3,110.5,9,2,2021-12-14 09:20:55
1639473660736550000,110.0,1,110.0,6,110.5,10,1,2021-12-14 09:21:00
1639473660766278000,110.0,6,109.5,3,110.5,10,2,2021-12-14 09:21:00
1639473667384081000,110.5,1,109.5,3,110.5,12,1,2021-12-14 09:21:07
1639473674014624000,109.5,4,109.0,6,110.5,13,2,2021-12-14 09:21:14
1639473674014624000,109.0,1,109.0,6,110.5,13,2,2021-12-14 09:21:14
1639473679312317000,110.0,1,109.5,1,110.5,12,1,2021-12-14 09:21:19
1639473679312317000,110.5,1,109.5,1,110.5,12,1,2021-12-14 09:21:19
1639473697919085000,109.5,1,109.0,7,110.0,7,2,2021-12-14 09:21:37
1639473710386883000,109.5,1,109.0,8,110.0,11,2,2021-12-14 09:21:50
1639473731826492000,109.5,1,109.0,4,109.5,2,1,2021-12-14 09:22:11
1639473779079403000,109.5,1,109.0,7,109.5,2,1,2021-12-14 09:22:59
1639473779479714000,109.5,1,109.0,7,109.5,1,1,2021-12-14 09:22:59
1639473782667685000,109.5,1,109.0,7,110.0,12,1,2021-12-14 09:23:02
1639473783919006000,109.0,3,109.0,4,110.0,12,2,2021-12-14 09:23:03
1639473798546015000,109.0,1,109.0,5,110.0,12,2,2021-12-14 09:23:18
1639473799114788000,109.0,5,108.5,18,109.5,2,2,2021-12-14 09:23:19
1639473808072182000,109.0,2,108.5,13,109.5,9,2,2021-12-14 09:23:28
1639473829739348000,109.0,4,108.5,14,109.5,8,2,2021-12-14 09:23:49
1639473856180447000,109.0,1,108.5,16,109.0,1,1,2021-12-14 09:24:16
1639473872409085000,108.5,10,108.5,7,109.0,2,2,2021-12-14 09:24:32
1639473878223164000,108.5,2,108.5,5,109.0,2,2,2021-12-14 09:24:38
1639473878261823000,108.5,1,108.5,4,109.0,2,2,2021-12-14 09:24:38
1639473907286843000,108.5,1,108.5,5,109.0,2,2,2021-12-14 09:25:07
1639473911226872000,108.5,5,108.0,50,109.0,3,2,2021-12-14 09:25:11
1639473933395732000,108.5,1,108.0,50,109.0,3,1,2021-12-14 09:25:33
1639474006945960000,108.5,3,108.5,5,109.0,8,2,2021-12-14 09:26:46
1639474009502866000,109.0,1,108.5,5,109.0,7,1,2021-12-14 09:26:49
1639474020496286000,109.0,1,108.5,5,109.0,6,1,2021-12-14 09:27:00
1639474033738293000,109.0,1,108.5,6,109.0,9,1,2021-12-14 09:27:13
1639474060027415000,109.0,1,108.5,10,109.0,8,1,2021-12-14 09:27:40
1639474083926351000,109.0,1,108.5,11,109.0,9,1,2021-12-14 09:28:03
1639474094598693000,109.0,1,108.5,13,109.0,8,1,2021-12-14 09:28:14
1639474094839796000,109.0,2,108.5,13,109.0,6,1,2021-12-14 09:28:14
1639474138276395000,108.5,15,108.5,1,109.0,7,2,2021-12-14 09:28:58
1639474152993073000,108.5,2,108.0,47,109.0,7,2,2021-12-14 09:29:12
1639474160232430000,108.5,1,108.0,47,108.5,4,1,2021-12-14 09:29:20
1639474207692648000,108.5,2,108.0,45,108.5,3,1,2021-12-14 09:30:07
1639474214868195000,108.0,40,108.0,5,108.5,7,2,2021-12-14 09:30:14
1639474214898654000,108.0,1,108.0,4,108.5,8,2,2021-12-14 09:30:14
1639474219303561000,108.0,1,108.0,4,108.5,8,2,2021-12-14 09:30:19
1639474219797377000,108.0,1,108.0,3,108.5,8,2,2021-12-14 09:30:19
1639474226413338000,108.0,4,107.5,9,108.0,1,2,2021-12-14 09:30:26
1639474235541880000,108.0,1,107.5,8,108.0,11,1,2021-12-14 09:30:35
1639474245714941000,107.5,5,107.5,4,108.0,14,2,2021-12-14 09:30:45
1639474250592261000,107.5,2,107.5,3,108.0,15,2,2021-12-14 09:30:50
1639474252671209000,107.5,1,107.5,2,108.0,15,2,2021-12-14 09:30:52
1639474254484106000,107.5,1,107.5,1,108.0,16,2,2021-12-14 09:30:54
1639474254852303000,107.5,1,107.0,30,107.5,1,2,2021-12-14 09:30:54
1639474257950707000,107.5,1,107.0,29,107.5,2,1,2021-12-14 09:30:57
1639474261230829000,107.5,3,107.5,2,108.0,15,1,2021-12-14 09:31:01
1639474262171385000,107.5,1,107.5,1,108.0,14,2,2021-12-14 09:31:02
1639474264089943000,107.5,1,107.0,24,108.0,24,2,2021-12-14 09:31:04
1639474264562394000,107.0,1,107.0,23,108.0,25,2,2021-12-14 09:31:04
1639474266682033000,107.0,23,106.5,14,107.0,8,2,2021-12-14 09:31:06
1639474266726070000,107.0,7,106.5,14,107.0,1,1,2021-12-14 09:31:06
1639474266746228000,107.0,1,106.5,14,107.5,1,1,2021-12-14 09:31:06
1639474268917090000,107.0,1,106.5,16,107.0,9,2,2021-12-14 09:31:08
1639474268952147000,107.0,9,106.5,16,107.5,1,1,2021-12-14 09:31:08
1639474274577750000,106.5,1,106.5,15,107.5,9,2,2021-12-14 09:31:14
1639474276074978000,106.5,6,106.5,11,107.5,9,2,2021-12-14 09:31:16
1639474278532807000,106.5,1,106.5,10,107.0,1,2,2021-12-14 09:31:18
1639474280893731000,107.0,1,106.5,10,107.5,11,1,2021-12-14 09:31:20
1639474286786107000,107.0,1,106.5,12,107.0,1,1,2021-12-14 09:31:26
1639474286815327000,107.0,1,106.5,12,107.5,12,1,2021-12-14 09:31:26
1639474293427745000,107.5,3,107.0,1,107.5,10,1,2021-12-14 09:31:33
1639474294173695000,107.0,4,107.0,4,107.5,10,2,2021-12-14 09:31:34
1639474296472140000,107.5,1,107.0,10,107.5,9,1,2021-12-14 09:31:36
1639474296494775000,107.5,9,107.0,10,108.0,22,1,2021-12-14 09:31:36
1639474301652848000,107.0,2,107.0,16,108.0,22,2,2021-12-14 09:31:41
1639474305772395000,107.0,3,107.0,14,108.0,22,2,2021-12-14 09:31:45
1639474308911178000,107.0,12,107.0,3,107.5,10,2,2021-12-14 09:31:48
1639474308946503000,107.0,1,107.0,2,107.5,10,2,2021-12-14 09:31:48
1639474314230225000,107.0,3,107.0,5,107.5,11,2,2021-12-14 09:31:54
1639474316284448000,107.0,6,106.5,16,107.5,15,2,2021-12-14 09:31:56
1639474316284448000,106.5,1,106.5,16,107.5,15,2,2021-12-14 09:31:56
1639474318822653000,107.0,1,106.5,16,107.0,1,1,2021-12-14 09:31:58
1639474319921390000,106.5,1,106.5,16,107.0,1,2,2021-12-14 09:31:59
1639474320325574000,107.0,1,107.0,4,107.5,17,1,2021-12-14 09:32:00
1639474320357987000,107.0,1,107.0,3,107.5,17,2,2021-12-14 09:32:00
1639474320674415000,107.0,2,107.0,1,107.5,17,2,2021-12-14 09:32:00
1639474323078785000,107.0,1,106.5,16,107.5,17,2,2021-12-14 09:32:03
1639474323698637000,106.5,1,106.5,15,107.5,17,2,2021-12-14 09:32:03
1639474325919862000,107.0,1,106.5,12,107.5,17,1,2021-12-14 09:32:05
1639474325919862000,106.5,3,106.5,12,107.5,17,2,2021-12-14 09:32:05
1639474330607178000,106.5,1,106.5,11,107.0,3,2,2021-12-14 09:32:10
1639474331690833000,107.0,1,106.5,11,107.0,2,1,2021-12-14 09:32:11
1639474336787803000,106.5,1,106.5,10,107.0,2,2,2021-12-14 09:32:16
1639474337345657000,107.0,2,107.0,8,107.5,26,1,2021-12-14 09:32:17
1639474341303628000,107.5,1,107.0,8,107.5,26,1,2021-12-14 09:32:21
1639474342362362000,107.0,1,107.0,7,107.5,26,2,2021-12-14 09:32:22
1639474360857491000,107.0,3,107.0,6,107.5,27,2,2021-12-14 09:32:40
1639474365763837000,107.5,1,107.0,6,107.5,26,1,2021-12-14 09:32:45
1639474367770577000,107.0,1,107.0,7,107.5,26,2,2021-12-14 09:32:47
1639474369772629000,107.5,1,107.0,7,107.5,25,1,2021-12-14 09:32:49
1639474371341274000,107.0,1,107.0,8,107.5,25,2,2021-12-14 09:32:51
1639474375846001000,107.0,5,107.0,8,107.5,25,2,2021-12-14 09:32:55
1639474376158115000,107.5,1,107.0,8,107.5,24,1,2021-12-14 09:32:56
1639474381327858000,107.0,1,107.0,13,107.5,24,2,2021-12-14 09:33:01
1639474382110754000,107.0,3,107.0,10,107.5,25,2,2021-12-14 09:33:02
1639474388332111000,107.0,2,107.0,10,107.5,25,2,2021-12-14 09:33:08
1639474402699646000,107.0,10,107.0,5,107.5,25,2,2021-12-14 09:33:22
1639474413680065000,107.5,1,107.0,5,107.5,25,1,2021-12-14 09:33:33
1639474413984818000,107.0,1,107.0,4,107.5,25,2,2021-12-14 09:33:33
1639474424911467000,107.0,2,107.0,3,107.5,25,2,2021-12-14 09:33:44
1639474426920685000,107.0,1,107.0,2,107.5,26,2,2021-12-14 09:33:46
1639474434972624000,107.0,1,107.0,11,107.5,26,2,2021-12-14 09:33:54
1639474437458699000,107.0,2,107.0,9,107.5,26,2,2021-12-14 09:33:57
1639474438498553000,107.0,2,107.0,7,107.5,26,2,2021-12-14 09:33:58
1639474441261977000,107.0,2,107.0,5,107.5,26,2,2021-12-14 09:34:01
1639474444007339000,107.0,1,107.0,5,107.5,26,2,2021-12-14 09:34:04
1639474445977856000,107.0,1,107.0,4,107.5,25,2,2021-12-14 09:34:05
1639474446799335000,107.5,1,107.0,4,107.5,24,1,2021-12-14 09:34:06
1639474447618215000,107.5,1,107.0,4,107.5,22,1,2021-12-14 09:34:07
1639474459954123000,107.0,1,107.0,7,107.5,21,2,2021-12-14 09:34:19
1639474461608565000,107.0,1,107.0,10,107.5,21,2,2021-12-14 09:34:21
1639474476276550000,107.0,11,106.5,10,107.0,4,2,2021-12-14 09:34:36
1639474476579169000,107.0,2,106.5,10,107.0,2,1,2021-12-14 09:34:36
1639474476610107000,107.0,2,106.5,10,107.5,25,1,2021-12-14 09:34:36
1639474487222151000,107.0,1,106.5,9,107.0,7,1,2021-12-14 09:34:47
1639474497225242000,107.0,1,106.5,10,107.0,10,1,2021-12-14 09:34:57
1639474497835542000,107.0,1,106.5,10,107.0,9,1,2021-12-14 09:34:57
1639474501556635000,107.0,1,106.5,10,107.0,8,1,2021-12-14 09:35:01
1639474501843121000,107.0,1,106.5,10,107.0,7,1,2021-12-14 09:35:01
1639474502521904000,107.0,2,106.5,10,107.0,5,1,2021-12-14 09:35:02
1639474505455662000,107.0,1,106.5,10,107.0,4,1,2021-12-14 09:35:05
1639474506975719000,107.0,1,106.5,10,107.0,3,1,2021-12-14 09:35:06
1639474508530665000,107.0,1,106.5,10,107.0,3,1,2021-12-14 09:35:08
1639474508661141000,107.0,1,106.5,10,107.0,2,1,2021-12-14 09:35:08
1639474512566936000,107.0,1,106.5,10,107.0,2,1,2021-12-14 09:35:12
1639474513718324000,107.0,1,106.5,10,107.0,1,1,2021-12-14 09:35:13
1639474516115534000,107.0,1,106.5,10,107.5,24,1,2021-12-14 09:35:16
1639474524637147000,107.0,4,106.5,4,107.5,24,2,2021-12-14 09:35:24
1639474524637147000,106.5,6,106.5,4,107.5,24,2,2021-12-14 09:35:24
1639474527633114000,107.0,1,107.0,1,107.5,24,1,2021-12-14 09:35:27
1639474531261073000,107.0,1,107.0,1,107.5,22,2,2021-12-14 09:35:31
1639474536299446000,107.0,1,107.0,2,107.5,22,2,2021-12-14 09:35:36
1639474536739503000,107.0,1,107.0,1,107.5,22,2,2021-12-14 09:35:36
1639474543112309000,107.0,1,106.5,6,107.0,2,2,2021-12-14 09:35:43
1639474543624836000,107.0,1,106.5,7,107.0,7,1,2021-12-14 09:35:43
1639474546433567000,107.0,1,106.5,6,107.0,8,1,2021-12-14 09:35:46
1639474548177775000,107.0,8,106.5,6,107.5,20,1,2021-12-14 09:35:48
1639474548177775000,107.5,2,106.5,6,107.5,20,1,2021-12-14 09:35:48
1639474567776433000,107.5,2,107.0,8,107.5,26,1,2021-12-14 09:36:07
1639474576406264000,107.0,1,107.0,6,107.5,27,2,2021-12-14 09:36:16
1639474576440173000,107.0,6,106.5,9,107.5,27,2,2021-12-14 09:36:16
1639474581248222000,107.0,1,106.5,12,107.5,31,2,2021-12-14 09:36:21
1639474587626408000,107.0,1,106.5,13,107.0,9,1,2021-12-14 09:36:27
1639474597480118000,106.5,10,106.5,2,107.0,13,2,2021-12-14 09:36:37
1639474597514495000,106.5,2,106.0,21,107.0,13,2,2021-12-14 09:36:37
1639474610197781000,106.5,1,106.0,18,107.0,16,2,2021-12-14 09:36:50
1639474615267723000,106.5,1,106.0,19,107.0,21,2,2021-12-14 09:36:55
1639474618541414000,106.5,1,106.5,1,107.0,20,1,2021-12-14 09:36:58
1639474622165828000,106.5,1,106.0,18,106.5,3,2,2021-12-14 09:37:02
1639474627678230000,106.5,1,106.0,19,106.5,3,1,2021-12-14 09:37:07
1639474628265318000,106.5,1,106.0,19,106.5,2,1,2021-12-14 09:37:08
1639474628361638000,106.5,1,106.0,19,106.5,1,1,2021-12-14 09:37:08
1639474640663593000,106.0,1,106.0,18,106.5,3,2,2021-12-14 09:37:20
1639474640773685000,106.5,1,106.0,18,106.5,2,1,2021-12-14 09:37:20
1639474656519038000,106.5,1,106.0,19,106.5,8,1,2021-12-14 09:37:36
1639474680136271000,106.5,1,106.0,20,106.5,13,1,2021-12-14 09:38:00
1639474705320520000,106.5,1,106.0,24,106.5,18,1,2021-12-14 09:38:25
1639474705402690000,106.0,1,106.0,23,106.5,18,2,2021-12-14 09:38:25
1639474712952528000,106.0,1,106.0,22,106.5,18,2,2021-12-14 09:38:32
1639474714815421000,106.5,18,106.5,2,107.0,11,1,2021-12-14 09:38:34
1639474715005439000,106.5,2,106.0,22,107.0,11,2,2021-12-14 09:38:35
1639474727028250000,106.5,1,106.0,23,107.0,11,2,2021-12-14 09:38:47
1639474733261673000,106.5,2,105.0,12,107.0,11,2,2021-12-14 09:38:53
1639474733261673000,106.0,24,105.0,12,107.0,11,2,2021-12-14 09:38:53
1639474733261673000,105.5,16,105.0,12,107.0,11,2,2021-12-14 09:38:53
1639474733261673000,105.0,38,105.0,12,107.0,11,2,2021-12-14 09:38:53
1639474736263486000,106.0,1,105.0,15,107.0,18,1,2021-12-14 09:38:56
1639474739464790000,105.0,1,105.0,7,107.0,18,2,2021-12-14 09:38:59
1639474742990239000,105.0,4,105.0,6,106.0,1,2,2021-12-14 09:39:02
1639474744673649000,105.0,1,105.0,5,106.0,1,2,2021-12-14 09:39:04
1639474748192299000,105.0,1,105.0,8,106.0,5,2,2021-12-14 09:39:08
1639474756519810000,106.0,1,105.0,11,106.0,7,1,2021-12-14 09:39:16
1639474756647998000,105.0,1,105.0,11,106.0,7,2,2021-12-14 09:39:16
1639474757148445000,105.0,11,104.5,6,106.0,7,2,2021-12-14 09:39:17
1639474757148445000,104.5,9,104.5,6,106.0,7,2,2021-12-14 09:39:17
1639474757999932000,104.5,2,104.5,5,105.0,3,2,2021-12-14 09:39:17
1639474758000300000,105.0,3,104.5,5,105.5,2,1,2021-12-14 09:39:18
1639474760069400000,105.0,1,105.0,2,105.5,2,2,2021-12-14 09:39:20
1639474761780589000,104.5,1,104.5,5,105.0,2,2,2021-12-14 09:39:21
1639474763383674000,104.5,1,104.5,4,105.0,4,2,2021-12-14 09:39:23
1639474763423034000,105.0,3,104.5,4,105.0,1,1,2021-12-14 09:39:23
1639474763499968000,105.0,1,104.5,5,105.0,1,1,2021-12-14 09:39:23
1639474764912807000,105.0,1,104.5,6,105.5,6,1,2021-12-14 09:39:24
1639474765246274000,105.0,1,105.0,7,105.5,6,2,2021-12-14 09:39:25
1639474765958798000,105.0,2,105.0,4,105.5,6,2,2021-12-14 09:39:25
1639474766727745000,105.0,4,104.5,13,105.0,3,2,2021-12-14 09:39:26
1639474766958234000,105.0,2,104.5,13,105.0,2,1,2021-12-14 09:39:26
1639474766987002000,105.0,2,104.5,13,105.5,6,1,2021-12-14 09:39:26
1639474770660046000,104.5,2,104.5,12,105.0,12,2,2021-12-14 09:39:30
1639474774104436000,104.5,1,104.5,13,105.0,19,2,2021-12-14 09:39:34
1639474776763698000,105.0,1,104.5,13,105.0,18,1,2021-12-14 09:39:36
1639474777293280000,104.5,2,104.5,10,105.0,18,2,2021-12-14 09:39:37
1639474778350041000,105.0,1,104.5,10,105.0,17,1,2021-12-14 09:39:38
1639474779302175000,104.5,7,104.5,6,105.0,18,2,2021-12-14 09:39:39
1639474779774973000,104.5,6,104.0,30,104.5,2,2,2021-12-14 09:39:39
1639474780792314000,104.5,7,104.0,30,105.0,18,1,2021-12-14 09:39:40
1639474784769423000,104.5,2,104.0,30,105.0,22,1,2021-12-14 09:39:44
1639474786952058000,105.0,1,104.5,4,105.0,11,1,2021-12-14 09:39:46
1639474786997549000,104.5,1,104.5,3,105.0,11,2,2021-12-14 09:39:46
1639474793715015000,104.5,7,104.0,36,105.0,16,2,2021-12-14 09:39:53
1639474794661321000,104.5,2,104.0,34,105.0,16,1,2021-12-14 09:39:54
1639474797734788000,104.5,1,104.5,2,105.0,18,2,2021-12-14 09:39:57
1639474799830474000,104.5,2,104.5,2,105.0,19,2,2021-12-14 09:39:59
1639474802038420000,104.5,1,104.5,2,105.0,19,2,2021-12-14 09:40:02
1639474803229879000,105.0,17,104.5,4,105.0,2,1,2021-12-14 09:40:03
1639474803260653000,105.0,2,104.5,5,105.5,8,1,2021-12-14 09:40:03
1639474804157135000,104.5,1,104.5,4,105.5,8,2,2021-12-14 09:40:04
1639474804421400000,104.5,2,104.5,2,105.5,8,2,2021-12-14 09:40:04
1639474804926242000,105.0,1,104.5,5,105.5,8,1,2021-12-14 09:40:04
1639474805488106000,104.5,1,104.5,5,105.5,8,2,2021-12-14 09:40:05
1639474805965036000,104.5,2,104.5,3,105.5,8,2,2021-12-14 09:40:05
1639474806309413000,104.5,1,104.5,2,105.0,1,2,2021-12-14 09:40:06
1639474806374352000,105.0,1,104.5,2,105.5,8,1,2021-12-14 09:40:06
1639474808379593000,105.0,1,105.0,1,105.5,7,2,2021-12-14 09:40:08
1639474810602781000,105.0,1,104.5,7,105.5,7,2,2021-12-14 09:40:10
1639474814116800000,105.0,1,104.5,15,105.0,2,1,2021-12-14 09:40:14
1639474814399205000,105.0,1,104.5,15,105.0,1,1,2021-12-14 09:40:14
1639474814429828000,105.0,1,104.5,15,105.5,8,1,2021-12-14 09:40:14
1639474817071381000,104.5,1,104.5,15,105.5,7,2,2021-12-14 09:40:17
1639474817376731000,104.5,2,104.5,13,105.5,7,2,2021-12-14 09:40:17
1639474818790323000,105.0,1,104.5,16,105.5,8,1,2021-12-14 09:40:18
1639474825052812000,105.0,1,105.0,3,105.5,7,2,2021-12-14 09:40:25
1639474827211143000,105.0,1,105.0,1,105.5,7,2,2021-12-14 09:40:27
1639474827246837000,105.0,1,104.5,10,105.5,7,2,2021-12-14 09:40:27
1639474828099025000,105.0,1,104.5,10,105.5,7,1,2021-12-14 09:40:28
1639474830866518000,105.0,1,104.5,12,105.5,7,1,2021-12-14 09:40:30
1639474846880581000,105.0,4,104.5,13,105.0,6,2,2021-12-14 09:40:46
1639474846915115000,105.0,6,104.5,13,105.5,8,1,2021-12-14 09:40:46
1639474867620387000,105.5,1,105.0,11,105.5,11,1,2021-12-14 09:41:07
1639474868744487000,105.5,1,105.0,11,105.5,10,1,2021-12-14 09:41:08
1639474876660179000,105.5,1,105.0,12,105.5,6,1,2021-12-14 09:41:16
1639474876875809000,105.5,2,105.0,12,105.5,4,1,2021-12-14 09:41:16
1639474878920364000,105.5,1,105.0,13,105.5,3,1,2021-12-14 09:41:18
1639474880355341000,105.5,1,105.0,13,105.5,2,1,2021-12-14 09:41:20
1639474883272283000,105.5,1,105.0,13,105.5,8,1,2021-12-14 09:41:23
1639474886074263000,105.5,1,105.0,19,105.5,7,1,2021-12-14 09:41:26
1639474886230196000,105.0,1,105.0,18,105.5,7,2,2021-12-14 09:41:26
1639474889615188000,105.0,1,105.0,18,105.5,7,2,2021-12-14 09:41:29
1639474893286811000,105.0,1,105.0,20,105.5,7,2,2021-12-14 09:41:33
1639474895495720000,105.0,1,105.0,19,105.5,7,2,2021-12-14 09:41:35
1639474899412686000,105.0,10,105.0,11,105.5,7,2,2021-12-14 09:41:39
1639474906799274000,105.5,6,105.0,12,105.5,2,1,2021-12-14 09:41:46
1639474908171152000,105.0,1,105.0,11,105.5,2,2,2021-12-14 09:41:48
1639474920418799000,105.0,1,105.0,13,105.5,10,2,2021-12-14 09:42:00
1639474922601640000,105.0,13,104.5,27,105.0,1,2,2021-12-14 09:42:02
1639474922630533000,105.0,1,104.5,27,105.5,12,1,2021-12-14 09:42:02
1639474926893704000,105.0,1,104.5,25,105.5,11,2,2021-12-14 09:42:06
1639474928874587000,105.0,1,105.0,9,105.5,11,2,2021-12-14 09:42:08
1639474930290535000,105.0,1,105.0,6,105.5,11,2,2021-12-14 09:42:10
1639474930290993000,105.0,2,105.0,6,105.5,11,2,2021-12-14 09:42:10
1639474930322616000,105.0,3,105.0,3,105.5,11,2,2021-12-14 09:42:10
1639474931154649000,105.0,1,105.0,2,105.5,11,2,2021-12-14 09:42:11
1639474932219063000,105.0,1,105.0,1,105.5,14,2,2021-12-14 09:42:12
1639474932304689000,105.0,1,104.5,25,105.5,14,2,2021-12-14 09:42:12
1639474935066940000,105.0,1,104.5,21,105.5,12,2,2021-12-14 09:42:15
1639474935066940000,104.5,4,104.5,21,105.5,12,2,2021-12-14 09:42:15
1639474940197753000,105.0,2,104.5,21,105.0,1,1,2021-12-14 09:42:20
1639474962832772000,105.0,1,104.5,24,105.0,9,1,2021-12-14 09:42:42
1639474962950201000,105.0,1,104.5,24,105.0,8,1,2021-12-14 09:42:42
1639474964933776000,105.0,1,104.5,23,105.0,7,1,2021-12-14 09:42:44
1639474965846225000,105.0,1,104.5,23,105.0,6,1,2021-12-14 09:42:45
1639474966995236000,105.0,2,104.5,23,105.0,4,1,2021-12-14 09:42:46
1639474967025345000,105.0,4,104.5,23,105.5,12,1,2021-12-14 09:42:47
1639474967869290000,105.5,14,105.5,2,106.0,11,1,2021-12-14 09:42:47
1639474968058693000,105.5,2,105.0,2,106.0,11,2,2021-12-14 09:42:48
1639474975655165000,105.5,1,105.0,6,105.5,1,2,2021-12-14 09:42:55
1639475010148172000,105.0,1,105.0,22,105.5,11,2,2021-12-14 09:43:30
1639475012896246000,105.5,1,105.0,22,105.5,10,1,2021-12-14 09:43:32
1639475017616997000,105.0,1,105.0,20,105.5,10,2,2021-12-14 09:43:37
1639475017882512000,105.0,2,105.0,18,105.5,8,2,2021-12-14 09:43:37
1639475020626396000,105.0,5,105.0,13,105.5,8,2,2021-12-14 09:43:40
1639475025181129000,105.0,1,105.0,12,105.5,8,2,2021-12-14 09:43:45
1639475031953767000,105.0,1,105.0,11,105.5,9,2,2021-12-14 09:43:51
1639475032565461000,105.5,1,105.0,11,105.5,8,1,2021-12-14 09:43:52
1639475045669359000,105.0,2,105.0,10,105.5,7,2,2021-12-14 09:44:05
1639475045700185000,105.0,7,105.0,3,105.5,7,2,2021-12-14 09:44:05
1639475045764398000,105.0,1,105.0,2,105.5,7,2,2021-12-14 09:44:05
1639475057187336000,105.5,2,105.0,2,105.5,7,1,2021-12-14 09:44:17
1639475124898431000,105.0,1,105.0,10,105.5,23,2,2021-12-14 09:45:24
1639475164416431000,105.0,6,105.0,4,105.5,23,2,2021-12-14 09:46:04
1639475164940353000,105.0,1,105.0,3,105.5,23,2,2021-12-14 09:46:04
1639475172031247000,105.0,1,105.0,3,105.5,23,2,2021-12-14 09:46:12
1639475176025724000,105.0,2,105.0,1,105.5,23,2,2021-12-14 09:46:16
1639475176067893000,105.0,1,104.5,13,105.5,23,2,2021-12-14 09:46:16
1639475183312115000,105.0,3,105.0,7,105.5,23,1,2021-12-14 09:46:23
1639475190164376000,105.0,4,105.0,5,105.5,24,2,2021-12-14 09:46:30
1639475190752484000,105.0,4,105.0,1,105.5,20,2,2021-12-14 09:46:30
1639475192379980000,105.0,1,104.5,13,105.5,20,2,2021-12-14 09:46:32
1639475238360683000,105.0,2,104.5,14,105.0,1,1,2021-12-14 09:47:18
1639475238390728000,105.0,1,104.5,14,105.5,21,1,2021-12-14 09:47:18
1639475266735233000,105.0,1,105.0,6,105.5,19,2,2021-12-14 09:47:46
1639475280140263000,105.5,2,105.0,7,105.5,17,1,2021-12-14 09:48:00
1639475289351215000,105.0,1,105.0,7,105.5,19,2,2021-12-14 09:48:09
1639475296188236000,105.0,7,104.5,14,105.0,3,2,2021-12-14 09:48:16
1639475296684778000,105.0,1,104.5,14,105.0,2,1,2021-12-14 09:48:16
1639475298718727000,105.0,1,104.5,14,105.0,1,1,2021-12-14 09:48:18
1639475313935299000,105.0,1,104.5,15,105.0,6,1,2021-12-14 09:48:33
1639475314496342000,104.5,1,104.5,14,105.0,6,2,2021-12-14 09:48:34
1639475316171259000,105.0,1,104.5,14,105.0,5,1,2021-12-14 09:48:36
1639475329125939000,105.0,1,104.5,16,105.0,14,1,2021-12-14 09:48:49
1639475346604094000,104.5,1,104.5,21,105.0,16,2,2021-12-14 09:49:06
1639475361929143000,104.5,2,104.5,24,105.0,16,2,2021-12-14 09:49:21
1639475388408143000,104.5,1,104.5,23,105.0,18,2,2021-12-14 09:49:48
1639475392461191000,104.5,1,104.5,23,105.0,22,2,2021-12-14 09:49:52
1639475407513328000,104.5,1,104.5,24,105.0,13,2,2021-12-14 09:50:07
1639475409075201000,104.5,10,104.5,14,105.0,13,2,2021-12-14 09:50:09
1639475409421638000,104.5,1,104.5,13,105.0,14,2,2021-12-14 09:50:09
1639475411182195000,104.5,13,104.0,38,104.5,2,2,2021-12-14 09:50:11
1639475412198845000,104.0,3,104.0,35,104.5,4,2,2021-12-14 09:50:12
1639475417865524000,104.0,1,104.0,34,104.5,8,2,2021-12-14 09:50:17
1639475425362561000,104.0,1,104.0,32,104.5,8,2,2021-12-14 09:50:25
1639475428950653000,104.0,1,104.0,30,104.5,8,2,2021-12-14 09:50:28
1639475430907313000,104.0,1,104.0,29,104.5,11,2,2021-12-14 09:50:30
1639475432425464000,104.0,1,104.0,28,104.5,11,2,2021-12-14 09:50:32
1639475440048012000,104.0,1,104.0,27,104.5,11,2,2021-12-14 09:50:40
1639475442748638000,104.5,11,104.5,9,105.0,12,1,2021-12-14 09:50:42
1639475442913114000,104.5,3,104.5,7,105.0,12,2,2021-12-14 09:50:42
1639475444148227000,104.5,1,104.5,6,105.0,14,2,2021-12-14 09:50:44
1639475445458086000,104.5,4,104.5,2,105.0,14,2,2021-12-14 09:50:45
1639475446163746000,104.5,1,104.5,1,105.0,14,2,2021-12-14 09:50:46
1639475447964939000,104.5,1,104.5,1,105.0,14,2,2021-12-14 09:50:47
1639475448410453000,105.0,1,104.5,1,105.0,13,1,2021-12-14 09:50:48
1639475484578893000,105.0,1,104.5,15,105.0,15,1,2021-12-14 09:51:24
1639475484610244000,105.0,1,104.5,15,105.0,14,1,2021-12-14 09:51:24
1639475493277523000,104.5,1,104.5,15,105.0,12,2,2021-12-14 09:51:33
1639475512059281000,104.5,2,104.5,18,105.0,13,2,2021-12-14 09:51:52
1639475523376880000,104.5,1,104.5,17,105.0,13,2,2021-12-14 09:52:03
1639475539345006000,105.0,1,104.5,17,105.0,14,1,2021-12-14 09:52:19
1639475599204498000,104.5,1,104.5,18,105.0,13,2,2021-12-14 09:53:19
1639475669120384000,104.5,1,104.5,20,105.0,18,2,2021-12-14 09:54:29
1639475679323841000,104.5,1,104.5,19,105.0,18,2,2021-12-14 09:54:39
1639475695517395000,104.5,1,104.5,19,105.0,18,2,2021-12-14 09:54:55
1639475709094993000,104.5,1,104.5,18,105.0,19,2,2021-12-14 09:55:09
1639475726145294000,104.5,15,104.5,3,105.0,19,2,2021-12-14 09:55:26
1639475767837546000,104.5,1,104.5,6,105.0,23,2,2021-12-14 09:56:07
1639475776941117000,104.5,2,104.5,4,105.0,20,2,2021-12-14 09:56:16
1639475789148630000,104.5,4,104.0,14,105.0,20,2,2021-12-14 09:56:29
1639475789148630000,104.0,18,104.0,14,105.0,20,2,2021-12-14 09:56:29
1639475792645290000,104.0,10,104.0,7,105.0,21,2,2021-12-14 09:56:32
1639475794955679000,104.0,7,103.5,89,104.0,3,2,2021-12-14 09:56:34
1639475796288529000,103.5,30,103.5,62,104.0,3,2,2021-12-14 09:56:36
1639475796337067000,103.5,4,103.5,58,104.0,5,2,2021-12-14 09:56:36
1639475796753224000,103.5,1,103.5,57,104.0,5,2,2021-12-14 09:56:36
1639475800483256000,103.5,10,103.5,44,104.0,5,2,2021-12-14 09:56:40
1639475801913305000,103.5,10,103.5,35,104.0,5,2,2021-12-14 09:56:41
1639475804380763000,103.5,1,103.5,34,104.0,5,2,2021-12-14 09:56:44
1639475804787063000,103.5,1,103.5,33,104.0,5,2,2021-12-14 09:56:44
1639475806724831000,103.5,2,103.5,32,104.0,8,2,2021-12-14 09:56:46
1639475809490332000,103.5,20,103.5,12,104.0,9,2,2021-12-14 09:56:49
1639475810301028000,103.5,3,103.5,9,104.0,9,2,2021-12-14 09:56:50
1639475811377669000,103.5,9,103.0,128,103.5,41,2,2021-12-14 09:56:51
1639475813613019000,103.5,1,103.0,128,103.5,43,1,2021-12-14 09:56:53
1639475815724817000,103.5,10,103.0,151,103.5,33,1,2021-12-14 09:56:55
1639475817389998000,103.5,1,103.0,151,103.5,32,1,2021-12-14 09:56:57
1639475819251385000,103.0,7,103.0,134,103.5,32,2,2021-12-14 09:56:59
1639475819292601000,103.0,1,103.0,133,103.5,32,2,2021-12-14 09:56:59
1639475819489457000,103.0,1,103.0,132,103.5,32,2,2021-12-14 09:56:59
1639475819770194000,103.5,1,103.0,135,103.5,31,1,2021-12-14 09:56:59
1639475820136664000,103.5,1,103.0,135,103.5,30,1,2021-12-14 09:57:00
1639475820966448000,103.5,1,103.0,132,103.5,32,1,2021-12-14 09:57:00
1639475823556151000,103.0,1,103.0,131,103.5,32,2,2021-12-14 09:57:03
1639475827835147000,103.0,1,103.0,137,103.5,35,2,2021-12-14 09:57:07
1639475828335294000,103.0,3,103.0,135,103.5,35,2,2021-12-14 09:57:08
1639475828722210000,103.0,3,103.0,132,103.5,35,2,2021-12-14 09:57:08
1639475830843199000,103.0,3,103.0,129,103.5,32,2,2021-12-14 09:57:10
1639475834029619000,103.0,4,103.0,128,103.5,32,2,2021-12-14 09:57:14
1639475844603386000,103.0,2,103.0,131,103.5,30,2,2021-12-14 09:57:24
1639475846979694000,103.5,5,103.0,141,103.5,25,1,2021-12-14 09:57:26
1639475847643841000,103.5,1,103.0,141,103.5,24,1,2021-12-14 09:57:27
1639475848528205000,103.5,2,103.0,141,103.5,22,1,2021-12-14 09:57:28
1639475848788623000,103.5,2,103.0,138,103.5,20,1,2021-12-14 09:57:28
1639475848931737000,103.5,3,103.0,138,103.5,17,1,2021-12-14 09:57:28
1639475848998228000,103.5,1,103.0,138,103.5,16,1,2021-12-14 09:57:28
1639475849031468000,103.5,1,103.0,138,103.5,15,1,2021-12-14 09:57:29
1639475849232651000,103.5,4,103.0,138,103.5,11,1,2021-12-14 09:57:29
1639475849268758000,103.5,3,103.0,138,103.5,2,1,2021-12-14 09:57:29
1639475849268790000,103.5,3,103.0,138,103.5,2,1,2021-12-14 09:57:29
1639475849268828000,103.5,3,103.0,138,103.5,2,1,2021-12-14 09:57:29
1639475849269126000,103.5,2,103.0,138,104.0,7,1,2021-12-14 09:57:29
1639475850953830000,103.5,2,103.5,37,104.0,5,2,2021-12-14 09:57:30
1639475856494034000,104.0,1,103.5,45,104.0,8,1,2021-12-14 09:57:36
1639475858410358000,104.0,1,103.5,45,104.0,7,1,2021-12-14 09:57:38
1639475860160224000,104.0,3,103.5,42,104.0,4,1,2021-12-14 09:57:40
1639475863770027000,104.0,1,103.5,48,104.0,3,1,2021-12-14 09:57:43
1639475888299966000,104.0,1,103.5,53,104.0,34,1,2021-12-14 09:58:08
1639475888338277000,104.0,1,103.5,53,104.0,33,1,2021-12-14 09:58:08
1639475897153635000,104.0,2,103.5,54,104.0,31,1,2021-12-14 09:58:17
1639475904830309000,104.0,1,103.5,54,104.0,30,1,2021-12-14 09:58:24
1639475909303867000,104.0,1,103.5,54,104.0,29,1,2021-12-14 09:58:29
1639475910884985000,104.0,1,103.5,54,104.0,28,1,2021-12-14 09:58:30
1639475912541045000,104.0,1,103.5,63,104.0,27,1,2021-12-14 09:58:32
1639475920107265000,103.5,1,103.5,62,104.0,27,2,2021-12-14 09:58:40
1639475936142008000,104.0,1,103.5,73,104.0,28,1,2021-12-14 09:58:56
1639475938120295000,104.0,1,103.5,73,104.0,27,1,2021-12-14 09:58:58
1639475948175860000,104.0,1,103.5,74,104.0,27,1,2021-12-14 09:59:08
1639475953334819000,104.0,1,103.5,74,104.0,28,1,2021-12-14 09:59:13
1639475953699610000,104.0,3,103.5,74,104.0,25,1,2021-12-14 09:59:13
1639475957632200000,104.0,3,103.5,70,104.0,22,1,2021-12-14 09:59:17
1639475960755313000,104.0,1,103.5,70,104.0,21,1,2021-12-14 09:59:20
1639475962851355000,104.0,1,103.5,70,104.0,20,1,2021-12-14 09:59:22
1639475964378861000,104.0,1,103.5,70,104.0,24,1,2021-12-14 09:59:24
1639475964533311000,104.0,1,103.5,70,104.0,23,1,2021-12-14 09:59:24
1639475967827013000,104.0,1,103.5,70,104.0,22,1,2021-12-14 09:59:27
1639475972974251000,103.5,2,103.5,69,104.0,25,2,2021-12-14 09:59:32
1639475974072277000,104.0,1,103.5,69,104.0,24,1,2021-12-14 09:59:34
1639475988369462000,104.0,1,103.5,69,104.0,24,1,2021-12-14 09:59:48
1639476007096508000,103.5,1,103.5,70,104.0,30,2,2021-12-14 10:00:07
1639476015743893000,104.0,2,103.5,69,104.0,28,1,2021-12-14 10:00:15
1639476017299141000,103.5,5,103.5,65,104.0,28,2,2021-12-14 10:00:17
1639476019281631000,103.5,5,103.5,60,104.0,33,2,2021-12-14 10:00:19
1639476029789288000,103.5,5,103.5,57,104.0,33,2,2021-12-14 10:00:29
1639476030930000000,103.5,1,103.5,56,104.0,33,2,2021-12-14 10:00:30
1639476043202758000,104.0,1,103.5,55,104.0,32,1,2021-12-14 10:00:43
1639476044968998000,104.0,5,103.5,55,104.0,27,1,2021-12-14 10:00:44
1639476049922105000,104.0,1,103.5,56,104.0,26,1,2021-12-14 10:00:49
1639476074748987000,104.0,1,103.5,60,104.0,26,1,2021-12-14 10:01:14
1639476092010669000,104.0,1,103.5,61,104.0,22,1,2021-12-14 10:01:32
1639476100452045000,104.0,1,103.5,63,104.0,21,1,2021-12-14 10:01:40
1639476107574350000,104.0,1,103.5,63,104.0,20,1,2021-12-14 10:01:47
1639476118551736000,104.0,1,103.5,63,104.0,19,1,2021-12-14 10:01:58
1639476130061158000,103.5,6,103.5,57,104.0,19,2,2021-12-14 10:02:10
1639476144349428000,104.0,1,103.5,57,104.0,18,1,2021-12-14 10:02:24
1639476148642191000,104.0,1,103.5,58,104.0,17,1,2021-12-14 10:02:28
1639476153339379000,104.0,1,103.5,58,104.0,16,1,2021-12-14 10:02:33
1639476165117656000,104.0,2,103.5,58,104.0,14,1,2021-12-14 10:02:45
1639476168227272000,104.0,14,104.0,6,104.5,18,1,2021-12-14 10:02:48
1639476168262528000,104.5,1,104.0,6,104.5,17,1,2021-12-14 10:02:48
1639476168426817000,104.0,5,104.0,2,104.5,17,2,2021-12-14 10:02:48
1639476227745670000,104.0,1,104.0,37,104.5,18,2,2021-12-14 10:03:47
1639476258489559000,104.5,1,104.0,29,104.5,19,1,2021-12-14 10:04:18
1639476281910688000,104.5,5,104.0,30,104.5,14,1,2021-12-14 10:04:41
1639476290274191000,104.5,1,104.0,30,104.5,13,1,2021-12-14 10:04:50
1639476290675941000,104.5,1,104.0,30,104.5,12,1,2021-12-14 10:04:50
1639476292419870000,104.5,1,104.0,31,104.5,11,1,2021-12-14 10:04:52
1639476343720498000,104.5,2,104.0,32,104.5,15,1,2021-12-14 10:05:43
1639476346042266000,104.5,1,104.0,35,104.5,14,1,2021-12-14 10:05:46
1639476348427268000,104.5,14,104.5,6,105.0,25,1,2021-12-14 10:05:48
1639476361969697000,104.5,1,104.5,13,105.0,22,2,2021-12-14 10:06:01
1639476369275743000,104.5,2,104.5,11,105.0,29,2,2021-12-14 10:06:09
1639476404690757000,104.5,2,104.5,12,105.0,22,2,2021-12-14 10:06:44
1639476405932195000,104.5,1,104.5,11,105.0,22,2,2021-12-14 10:06:45
1639476409245927000,104.5,1,104.5,11,105.0,21,2,2021-12-14 10:06:49
1639476411982240000,104.5,2,104.5,7,105.0,21,2,2021-12-14 10:06:51
1639476412173011000,104.5,2,104.5,6,105.0,21,2,2021-12-14 10:06:52
1639476416263137000,104.5,1,104.5,5,105.0,21,2,2021-12-14 10:06:56
1639476440769467000,104.5,4,104.5,2,105.0,22,2,2021-12-14 10:07:20
1639476440817121000,104.5,2,104.0,31,105.0,22,2,2021-12-14 10:07:20
1639476446514835000,104.0,2,104.0,29,105.0,24,2,2021-12-14 10:07:26
1639476500756339000,104.0,1,104.0,31,104.5,12,2,2021-12-14 10:08:20
1639476501961322000,104.0,1,104.0,30,104.5,12,2,2021-12-14 10:08:21
1639476534836051000,104.5,1,104.0,30,104.5,9,1,2021-12-14 10:08:54
1639476547016613000,104.5,4,104.0,30,104.5,5,1,2021-12-14 10:09:07
1639476553889834000,104.5,1,104.0,32,104.5,2,1,2021-12-14 10:09:13
1639476554657581000,104.5,1,104.0,32,104.5,1,1,2021-12-14 10:09:14
1639476558477691000,104.5,1,104.0,32,105.0,20,1,2021-12-14 10:09:18
1639476558928313000,105.0,1,104.5,1,105.0,14,1,2021-12-14 10:09:18
1639476575750511000,105.0,1,104.5,6,105.0,11,1,2021-12-14 10:09:35
1639476593938164000,105.0,1,104.5,8,105.0,10,1,2021-12-14 10:09:53
1639476594077075000,105.0,1,104.5,9,105.0,9,1,2021-12-14 10:09:54
1639476600538642000,105.0,1,104.5,9,105.0,12,1,2021-12-14 10:10:00
1639476638051930000,104.5,1,104.5,6,105.0,12,2,2021-12-14 10:10:38
1639476742562545000,104.5,1,104.5,6,105.0,14,2,2021-12-14 10:12:22
1639476749181873000,104.5,2,104.5,4,105.0,14,2,2021-12-14 10:12:29
1639476801806769000,104.5,8,104.0,32,104.5,2,2,2021-12-14 10:13:21
1639476811548039000,104.0,1,104.0,31,104.5,4,2,2021-12-14 10:13:31
1639476817156466000,104.5,1,104.0,29,104.5,3,1,2021-12-14 10:13:37
1639476832907239000,104.5,1,104.0,30,104.5,4,1,2021-12-14 10:13:52
1639476856440460000,104.5,1,104.0,33,104.5,9,1,2021-12-14 10:14:16
1639476897455526000,104.0,1,104.0,32,104.5,10,2,2021-12-14 10:14:57
1639476926123087000,104.0,1,104.0,32,104.5,9,2,2021-12-14 10:15:26
1639476929172375000,104.0,1,104.0,31,104.5,9,2,2021-12-14 10:15:29
1639476969263015000,104.0,1,104.0,31,104.5,9,2,2021-12-14 10:16:09
1639476997145650000,104.0,1,104.0,31,104.5,9,2,2021-12-14 10:16:37
1639477009292021000,104.0,1,104.0,30,104.5,9,2,2021-12-14 10:16:49
1639477042430626000,104.5,2,104.0,31,104.5,7,1,2021-12-14 10:17:22
1639477089335845000,104.0,1,104.0,30,104.5,9,2,2021-12-14 10:18:09
1639477129368793000,104.0,1,104.0,31,104.5,15,2,2021-12-14 10:18:49
1639477135320350000,104.0,1,104.0,30,104.5,15,2,2021-12-14 10:18:55
1639477169387227000,104.0,1,104.0,29,104.5,15,2,2021-12-14 10:19:29
1639477193603481000,104.0,1,104.0,28,104.5,15,2,2021-12-14 10:19:53
1639477208620771000,104.5,1,104.0,29,104.5,19,1,2021-12-14 10:20:08
1639477209447618000,104.0,1,104.0,28,104.5,19,2,2021-12-14 10:20:09
1639477219596251000,104.0,1,104.0,27,104.5,19,2,2021-12-14 10:20:19
1639477253351649000,104.0,1,104.0,24,104.5,19,2,2021-12-14 10:20:53
1639477260524292000,104.0,1,104.0,23,104.5,19,2,2021-12-14 10:21:00
1639477312129116000,104.0,1,104.0,24,104.5,13,2,2021-12-14 10:21:52
1639477315634244000,104.0,1,104.0,23,104.5,13,2,2021-12-14 10:21:55
1639477349175361000,104.0,1,104.0,22,104.5,13,2,2021-12-14 10:22:29
1639477392054139000,104.5,1,104.0,20,104.5,12,1,2021-12-14 10:23:12
1639477409168803000,104.0,1,104.0,20,104.5,12,2,2021-12-14 10:23:29
1639477420819771000,104.5,1,104.0,20,104.5,11,1,2021-12-14 10:23:40
1639477447921910000,104.5,1,104.0,20,104.5,15,1,2021-12-14 10:24:07
1639477484926417000,104.5,4,104.0,20,104.5,11,1,2021-12-14 10:24:44
1639477490513933000,104.5,1,104.0,20,104.5,11,1,2021-12-14 10:24:50
1639477493174427000,104.5,10,104.0,20,104.5,1,1,2021-12-14 10:24:53
1639477493202438000,104.5,1,104.0,22,105.0,12,1,2021-12-14 10:24:53
1639477493956804000,105.0,1,104.0,22,105.0,11,1,2021-12-14 10:24:53
1639477521896345000,105.0,1,104.5,8,105.0,10,1,2021-12-14 10:25:21
1639477523541829000,105.0,5,104.5,8,105.0,5,1,2021-12-14 10:25:23
1639477523570103000,105.0,4,104.5,8,105.0,1,1,2021-12-14 10:25:23
1639477523600560000,105.0,1,104.5,10,105.5,12,1,2021-12-14 10:25:23
1639477524202086000,104.5,2,104.5,8,105.5,12,2,2021-12-14 10:25:24
1639477621140526000,104.5,1,104.5,9,105.0,6,2,2021-12-14 10:27:01
1639477625242595000,105.0,1,104.5,9,105.0,5,1,2021-12-14 10:27:05
1639477739593184000,104.5,1,104.5,9,105.0,13,2,2021-12-14 10:28:59
1639477739819256000,104.5,4,104.5,5,105.0,13,2,2021-12-14 10:28:59
1639477739843727000,104.5,5,104.0,17,105.0,13,2,2021-12-14 10:28:59
1639477740241734000,104.0,17,103.5,53,104.0,3,2,2021-12-14 10:29:00
1639477746342038000,104.0,1,103.5,53,104.0,2,1,2021-12-14 10:29:06
1639477820337275000,104.0,1,103.5,60,104.0,4,1,2021-12-14 10:30:20
1639477826413771000,104.0,1,103.5,60,104.0,3,1,2021-12-14 10:30:26
1639477827175107000,104.0,1,103.5,60,104.0,2,1,2021-12-14 10:30:27
1639477829740935000,104.0,1,103.5,60,104.0,1,1,2021-12-14 10:30:29
1639477868545416000,104.0,1,103.5,60,104.0,1,1,2021-12-14 10:31:08
1639477868569458000,104.0,1,103.5,60,104.5,4,1,2021-12-14 10:31:08
1639477872697653000,103.5,1,103.5,59,104.5,17,2,2021-12-14 10:31:12
1639477875871895000,103.5,2,103.5,56,104.0,1,2,2021-12-14 10:31:15
1639477913826885000,103.5,1,103.5,55,104.0,2,2,2021-12-14 10:31:53
1639477975156287000,104.0,1,103.5,50,104.0,1,1,2021-12-14 10:32:55
1639478022764550000,104.0,1,103.5,49,104.5,16,1,2021-12-14 10:33:42
1639478188934080000,104.0,1,103.5,53,104.0,4,1,2021-12-14 10:36:28
1639478193270690000,104.0,1,103.5,53,104.0,4,1,2021-12-14 10:36:33
1639478197193775000,104.0,1,103.5,53,104.0,3,1,2021-12-14 10:36:37
1639478199026580000,104.0,1,103.5,53,104.0,2,1,2021-12-14 10:36:39
1639478205980402000,104.0,1,103.5,53,104.0,1,1,2021-12-14 10:36:45
1639478282514978000,104.0,1,103.5,54,104.0,4,1,2021-12-14 10:38:02
1639478294513220000,104.0,1,103.5,54,104.0,4,1,2021-12-14 10:38:14
1639478326436225000,104.0,1,103.5,53,104.0,3,1,2021-12-14 10:38:46
1639478326708682000,104.0,1,103.5,53,104.0,2,1,2021-12-14 10:38:46
1639478346180690000,104.0,1,103.5,53,104.0,1,1,2021-12-14 10:39:06
1639478388828951000,104.0,2,104.0,3,104.5,13,1,2021-12-14 10:39:48
1639478389040904000,104.0,1,104.0,3,104.5,13,2,2021-12-14 10:39:49
1639478434764488000,104.0,1,104.0,13,104.5,11,2,2021-12-14 10:40:34
1639478489719945000,104.5,1,104.0,14,104.5,10,1,2021-12-14 10:41:29
1639478512268857000,104.5,1,104.0,16,104.5,18,1,2021-12-14 10:41:52
1639478569186712000,104.0,1,104.0,15,104.5,18,2,2021-12-14 10:42:49
1639478629169879000,104.0,1,104.0,17,104.5,19,2,2021-12-14 10:43:49
1639478629395900000,104.0,12,104.0,5,104.5,19,2,2021-12-14 10:43:49
1639478637824912000,104.0,1,104.0,4,104.5,15,2,2021-12-14 10:43:57
1639478645862172000,104.0,4,104.0,1,104.5,15,2,2021-12-14 10:44:05
1639478647134838000,104.0,1,103.5,50,104.5,15,2,2021-12-14 10:44:07
1639478678878899000,104.0,1,103.5,53,104.0,32,1,2021-12-14 10:44:38
1639478709128324000,103.5,1,103.5,52,104.0,32,2,2021-12-14 10:45:09
1639478712566549000,103.5,5,103.5,47,104.0,32,2,2021-12-14 10:45:12
1639478729493441000,103.5,19,103.5,28,104.0,13,2,2021-12-14 10:45:29
1639478729718108000,103.5,4,103.5,24,104.0,13,2,2021-12-14 10:45:29
1639478731675970000,103.5,1,103.5,23,104.0,13,2,2021-12-14 10:45:31
1639478737133500000,103.5,5,103.5,18,104.0,14,2,2021-12-14 10:45:37
1639478740206624000,103.5,3,103.5,16,104.0,14,2,2021-12-14 10:45:40
1639478744726405000,103.5,1,103.5,15,104.0,14,2,2021-12-14 10:45:44
1639478749273628000,103.5,1,103.5,13,104.0,14,2,2021-12-14 10:45:49
1639478776884011000,103.5,1,103.5,15,104.0,13,2,2021-12-14 10:46:16
1639478789295910000,103.5,1,103.5,13,104.0,13,2,2021-12-14 10:46:29
1639478795488996000,104.0,1,103.5,24,104.0,12,1,2021-12-14 10:46:35
1639478856614793000,104.0,1,103.5,25,104.0,15,1,2021-12-14 10:47:36
1639478872234204000,104.0,1,103.5,26,104.0,13,1,2021-12-14 10:47:52
1639478880084997000,103.5,1,103.5,25,104.0,13,2,2021-12-14 10:48:00
1639478929392566000,103.5,1,103.5,13,104.0,15,2,2021-12-14 10:48:49
1639478935863813000,103.5,2,103.5,11,104.0,15,2,2021-12-14 10:48:55
1639478969403703000,103.5,1,103.5,10,104.0,15,2,2021-12-14 10:49:29
1639478995199628000,103.5,5,103.5,10,104.0,17,2,2021-12-14 10:49:55
1639479003425680000,103.5,11,103.0,106,104.0,17,2,2021-12-14 10:50:03
1639479013368505000,103.0,2,103.0,108,103.5,7,2,2021-12-14 10:50:13
1639479027551674000,103.0,1,103.0,106,103.5,14,2,2021-12-14 10:50:27
1639479038569102000,103.5,1,103.0,106,103.5,13,1,2021-12-14 10:50:38
1639479040759885000,103.0,3,103.0,103,103.5,13,2,2021-12-14 10:50:40
1639479097916568000,103.0,1,103.0,102,103.5,19,2,2021-12-14 10:51:37
1639479111805376000,103.0,1,103.0,102,103.5,21,2,2021-12-14 10:51:51
1639479121666375000,103.0,1,103.0,102,103.5,21,2,2021-12-14 10:52:01
1639479124947695000,103.0,1,103.0,101,103.5,21,2,2021-12-14 10:52:04
1639479130366743000,103.5,2,103.0,101,103.5,17,1,2021-12-14 10:52:10
1639479180399698000,103.5,1,103.0,102,103.5,14,1,2021-12-14 10:53:00
1639479225065367000,103.0,5,103.0,96,103.5,13,2,2021-12-14 10:53:45
1639479246110235000,103.0,1,103.0,104,103.5,14,2,2021-12-14 10:54:06
1639479277141699000,103.5,1,103.0,106,103.5,13,1,2021-12-14 10:54:37
1639479279994439000,103.0,1,103.0,115,103.5,11,2,2021-12-14 10:54:39
1639479297430940000,103.0,21,103.0,95,103.5,10,2,2021-12-14 10:54:57
1639479309165980000,103.0,1,103.0,94,103.5,16,2,2021-12-14 10:55:09
1639479310449312000,103.5,1,103.0,93,103.5,15,1,2021-12-14 10:55:10
1639479341102204000,103.0,1,103.0,94,103.5,17,2,2021-12-14 10:55:41
1639479389299551000,103.0,1,103.0,83,103.5,18,2,2021-12-14 10:56:29
1639479407409419000,103.0,5,103.0,80,103.5,18,2,2021-12-14 10:56:47
1639479409105938000,103.0,1,103.0,79,103.5,18,2,2021-12-14 10:56:49
1639479413513284000,103.0,2,103.0,77,103.5,18,2,2021-12-14 10:56:53
1639479429368640000,103.0,1,103.0,75,103.5,19,2,2021-12-14 10:57:09
1639479464344817000,103.5,2,103.0,78,103.5,16,1,2021-12-14 10:57:44
1639479468536276000,103.0,1,103.0,77,103.5,16,2,2021-12-14 10:57:48
1639479469335999000,103.0,1,103.0,76,103.5,16,2,2021-12-14 10:57:49
1639479487807296000,103.0,1,103.0,75,103.5,15,2,2021-12-14 10:58:07
1639479506326458000,103.5,1,103.0,75,103.5,14,1,2021-12-14 10:58:26
1639479509357952000,103.0,1,103.0,74,103.5,14,2,2021-12-14 10:58:29
1639479528525292000,103.0,1,103.0,73,103.5,14,2,2021-12-14 10:58:48
1639479559278299000,103.5,1,103.0,73,103.5,13,1,2021-12-14 10:59:19
1639479569395677000,103.0,1,103.0,72,103.5,13,2,2021-12-14 10:59:29
1639479625605043000,103.5,1,103.0,72,103.5,21,1,2021-12-14 11:00:25
1639479639849604000,103.5,1,103.0,72,103.5,20,1,2021-12-14 11:00:39
1639479660208016000,103.5,2,103.0,72,103.5,18,1,2021-12-14 11:01:00
1639479662713960000,103.5,1,103.0,72,103.5,17,1,2021-12-14 11:01:02
1639479670029658000,103.5,1,103.0,72,103.5,17,1,2021-12-14 11:01:10
1639479710195001000,103.5,1,103.0,75,103.5,17,1,2021-12-14 11:01:50
1639479710567813000,103.5,1,103.0,75,103.5,16,1,2021-12-14 11:01:50
1639479710907262000,103.5,1,103.0,75,103.5,15,1,2021-12-14 11:01:50
1639479729092532000,103.5,1,103.0,75,103.5,14,1,2021-12-14 11:02:09
1639479786084179000,103.5,1,103.0,74,103.5,13,1,2021-12-14 11:03:06
1639479799429896000,103.5,2,103.0,74,103.5,13,1,2021-12-14 11:03:19
1639479805748527000,103.5,1,103.0,74,103.5,12,1,2021-12-14 11:03:25
1639479844681178000,103.5,1,103.0,77,103.5,11,1,2021-12-14 11:04:04
1639479849721382000,103.5,2,103.0,77,103.5,9,1,2021-12-14 11:04:09
1639479851084481000,103.5,4,103.0,77,103.5,5,1,2021-12-14 11:04:11
1639479866941002000,103.5,2,103.0,77,103.5,3,1,2021-12-14 11:04:26
1639479870047619000,103.5,1,103.0,77,103.5,2,1,2021-12-14 11:04:30
1639479876244628000,103.5,1,103.0,76,103.5,1,1,2021-12-14 11:04:36
1639479888307720000,103.5,1,103.0,73,104.0,19,1,2021-12-14 11:04:48
1639480002564729000,103.5,1,103.5,15,104.0,20,2,2021-12-14 11:06:42
1639480062607117000,103.5,1,103.5,13,104.0,20,2,2021-12-14 11:07:42
1639480102629077000,103.5,1,103.5,14,104.0,20,2,2021-12-14 11:08:22
1639480142640515000,103.5,1,103.5,13,104.0,19,2,2021-12-14 11:09:02
1639480202679246000,103.5,1,103.5,12,104.0,20,2,2021-12-14 11:10:02
1639480210416624000,104.0,20,103.5,12,104.5,20,1,2021-12-14 11:10:10
1639480312138694000,104.5,1,104.0,31,104.5,15,1,2021-12-14 11:11:52
1639480324396910000,104.0,2,104.0,29,104.5,15,2,2021-12-14 11:12:04
1639480364535527000,104.5,1,104.0,29,104.5,14,1,2021-12-14 11:12:44
1639480383692890000,104.5,1,104.0,29,104.5,13,1,2021-12-14 11:13:03
1639480408281729000,104.5,1,104.0,29,104.5,17,1,2021-12-14 11:13:28
1639480449671207000,104.5,1,104.0,29,104.5,15,1,2021-12-14 11:14:09
1639480509622890000,104.0,15,104.0,14,104.5,15,2,2021-12-14 11:15:09
1639480509647410000,104.0,14,103.5,27,104.5,15,2,2021-12-14 11:15:09
1639480580348848000,104.0,1,103.5,29,104.0,1,1,2021-12-14 11:16:20
1639480807861870000,104.0,1,103.5,32,104.0,12,1,2021-12-14 11:20:07
1639480808525373000,103.5,15,103.5,17,104.0,12,2,2021-12-14 11:20:08
1639480829697504000,103.5,2,103.5,15,104.0,13,2,2021-12-14 11:20:29
1639480840835420000,103.5,1,103.5,14,104.0,13,2,2021-12-14 11:20:40
1639480843706232000,103.5,1,103.5,13,104.0,13,2,2021-12-14 11:20:43
1639480863976357000,103.5,1,103.5,13,104.0,14,2,2021-12-14 11:21:03
1639480899692172000,103.5,1,103.5,12,104.0,15,2,2021-12-14 11:21:39
1639480899722642000,103.5,1,103.5,11,104.0,15,2,2021-12-14 11:21:39
1639480949551666000,103.5,2,103.5,10,104.0,15,2,2021-12-14 11:22:29
1639480996511096000,103.5,2,103.5,9,104.0,15,2,2021-12-14 11:23:16
1639481070058829000,103.5,6,103.5,2,104.0,10,2,2021-12-14 11:24:30
1639481070233013000,103.5,2,103.5,1,104.0,10,2,2021-12-14 11:24:30
1639481075527272000,103.5,1,103.0,81,104.0,9,2,2021-12-14 11:24:35
1639481113719806000,103.5,1,103.0,82,103.5,4,1,2021-12-14 11:25:13
1639481124681827000,103.5,1,103.0,82,103.5,3,1,2021-12-14 11:25:24
1639481128507599000,103.5,1,103.0,82,103.5,2,1,2021-12-14 11:25:28
1639481130941534000,103.5,1,103.5,1,104.0,14,1,2021-12-14 11:25:30
1639481192978492000,103.5,1,103.5,3,104.0,9,2,2021-12-14 11:26:32
1639481205511016000,103.5,1,103.5,2,104.0,9,2,2021-12-14 11:26:45
1639481259349003000,103.5,1,103.5,1,104.0,11,2,2021-12-14 11:27:39
1639481259385364000,103.5,1,103.0,78,104.0,11,2,2021-12-14 11:27:39
1639481361783329000,103.5,1,103.0,94,103.5,7,1,2021-12-14 11:29:21
1639481387532204000,103.5,1,103.0,94,103.5,6,1,2021-12-14 11:29:47
1639481430031967000,103.0,19,103.0,75,103.5,8,2,2021-12-14 11:30:30
1639481583586548000,103.5,1,103.0,75,103.5,12,1,2021-12-14 11:33:03
1639481611315400000,103.5,1,103.0,69,103.5,11,1,2021-12-14 11:33:31
1639481621847633000,103.5,1,103.0,69,103.5,10,1,2021-12-14 11:33:41
1639481650379948000,103.5,1,103.0,69,103.5,9,1,2021-12-14 11:34:10
1639481737105950000,103.5,1,103.0,70,103.5,12,1,2021-12-14 11:35:37
1639481787149216000,103.5,1,103.0,70,103.5,11,1,2021-12-14 11:36:27
1639481863855558000,103.5,4,103.0,70,103.5,10,1,2021-12-14 11:37:43
1639481885709280000,103.0,1,103.0,69,103.5,9,2,2021-12-14 11:38:05
1639481967906485000,103.0,1,103.0,69,103.5,16,2,2021-12-14 11:39:27
1639482005797661000,103.5,2,103.0,71,103.5,15,1,2021-12-14 11:40:05
1639482158464185000,103.5,5,103.0,71,103.5,17,1,2021-12-14 11:42:38
1639482178484838000,103.5,10,103.0,71,103.5,10,1,2021-12-14 11:42:58
1639482185061238000,103.5,1,103.0,71,103.5,11,1,2021-12-14 11:43:05
1639482233989293000,103.5,1,103.0,72,103.5,10,1,2021-12-14 11:43:53
1639482254713769000,103.5,2,103.0,72,103.5,13,1,2021-12-14 11:44:14
1639482265824775000,103.5,2,103.0,72,103.5,11,1,2021-12-14 11:44:25
1639482302330545000,103.5,1,103.0,72,103.5,6,1,2021-12-14 11:45:02
1639482305655225000,103.5,1,103.0,72,103.5,5,1,2021-12-14 11:45:05
1639482338182436000,103.5,1,103.0,72,103.5,14,1,2021-12-14 11:45:38
1639482338347919000,103.5,1,103.0,72,103.5,13,1,2021-12-14 11:45:38
1639482362949146000,103.5,3,103.0,72,103.5,13,1,2021-12-14 11:46:02
1639482474861624000,103.5,1,103.0,72,103.5,11,1,2021-12-14 11:47:54
1639482552449372000,103.5,1,103.0,73,103.5,10,1,2021-12-14 11:49:12
1639482601094176000,103.5,1,103.0,72,103.5,10,1,2021-12-14 11:50:01
1639482661460629000,103.5,1,103.0,71,103.5,9,1,2021-12-14 11:51:01
1639482678856391000,103.5,1,103.0,71,103.5,11,1,2021-12-14 11:51:18
1639482805756332000,103.5,1,103.0,74,103.5,10,1,2021-12-14 11:53:25
1639482816263291000,103.5,1,103.0,73,103.5,9,1,2021-12-14 11:53:36
1639482971774163000,103.5,2,103.0,73,103.5,10,1,2021-12-14 11:56:11
1639482979674008000,103.5,1,103.0,72,103.5,9,1,2021-12-14 11:56:19
1639483093672033000,103.5,1,103.0,71,103.5,11,1,2021-12-14 11:58:13
1639483121738497000,103.0,4,103.0,57,103.5,13,2,2021-12-14 11:58:41
1639483133031604000,103.0,1,103.0,56,103.5,13,2,2021-12-14 11:58:53
1639483137706363000,103.0,5,103.0,51,103.5,13,2,2021-12-14 11:58:57
1639483137738436000,103.0,7,103.0,44,103.5,13,2,2021-12-14 11:58:57
1639483137771048000,103.0,44,102.5,367,103.5,13,2,2021-12-14 11:58:57
1639483146329431000,102.5,3,102.5,365,103.0,9,2,2021-12-14 11:59:06
1639483146561921000,102.5,3,102.5,362,103.0,9,2,2021-12-14 11:59:06
1639483146631508000,102.5,2,102.5,360,103.0,11,2,2021-12-14 11:59:06
1639483146645739000,102.5,4,102.5,356,103.0,11,2,2021-12-14 11:59:06
1639483146665229000,102.5,2,102.5,354,103.0,11,2,2021-12-14 11:59:06
1639483146913114000,102.5,1,102.5,353,103.0,11,2,2021-12-14 11:59:06
1639483154780612000,102.5,1,102.5,352,103.0,18,2,2021-12-14 11:59:14
1639483157027419000,103.0,4,102.5,364,103.0,14,1,2021-12-14 11:59:17
1639483157387751000,102.5,1,102.5,363,103.0,12,2,2021-12-14 11:59:17
1639483161211820000,102.5,1,102.5,362,103.0,12,2,2021-12-14 11:59:21
1639483169748570000,102.5,1,102.5,365,103.0,15,2,2021-12-14 11:59:29
1639483171230743000,103.0,4,102.5,361,103.0,11,1,2021-12-14 11:59:31
1639483172864820000,102.5,1,102.5,360,103.0,11,2,2021-12-14 11:59:32
1639483174055355000,102.5,2,102.5,362,103.0,11,2,2021-12-14 11:59:34
1639483174130104000,102.5,2,102.5,360,103.0,11,2,2021-12-14 11:59:34
1639483182842829000,102.5,2,102.5,350,103.0,11,2,2021-12-14 11:59:42
1639483192503258000,102.5,2,102.5,354,103.0,11,2,2021-12-14 11:59:52
1639483193237225000,103.0,2,102.5,358,103.0,9,1,2021-12-14 11:59:53
1639483193238523000,103.0,5,102.5,358,103.0,4,1,2021-12-14 11:59:53
1639483196640918000,103.0,2,102.5,359,103.0,4,1,2021-12-14 11:59:56
1639483199261063000,103.0,2,102.5,360,103.0,2,1,2021-12-14 11:59:59
1639483202284910000,103.0,1,102.5,360,103.0,3,1,2021-12-14 12:00:02
1639483202550844000,103.0,2,102.5,360,103.0,1,1,2021-12-14 12:00:02
1639483203881998000,103.0,1,102.5,359,103.5,10,1,2021-12-14 12:00:03
1639483213562668000,103.0,2,103.0,5,103.5,26,2,2021-12-14 12:00:13
1639483215059048000,103.5,1,103.0,6,103.5,26,1,2021-12-14 12:00:15
1639483220578807000,103.0,1,103.0,5,103.5,26,2,2021-12-14 12:00:20
1639483220807345000,103.0,5,102.5,340,103.5,26,2,2021-12-14 12:00:20
1639483229342306000,103.0,1,102.5,334,103.5,19,1,2021-12-14 12:00:29
1639483294167085000,103.5,1,103.0,10,103.5,22,1,2021-12-14 12:01:34
1639483476379374000,103.5,1,103.0,18,103.5,24,1,2021-12-14 12:04:36
1639483554242028000,103.0,1,103.0,21,103.5,24,2,2021-12-14 12:05:54
1639483683026450000,103.5,1,103.0,22,103.5,24,1,2021-12-14 12:08:03
1639483701224796000,103.0,1,103.0,22,103.5,27,2,2021-12-14 12:08:21
1639483773391573000,103.0,1,103.0,21,103.5,31,2,2021-12-14 12:09:33
1639483782573995000,103.0,1,103.0,20,103.5,31,2,2021-12-14 12:09:42
1639483790279673000,103.5,1,103.0,19,103.5,30,1,2021-12-14 12:09:50
1639483862430931000,103.0,1,103.0,26,103.5,30,2,2021-12-14 12:11:02
1639483885858427000,103.0,1,103.0,25,103.5,34,2,2021-12-14 12:11:25
1639483887355472000,103.0,1,103.0,24,103.5,34,2,2021-12-14 12:11:27
1639483900702635000,103.0,1,103.0,23,103.5,33,2,2021-12-14 12:11:40
1639483922391293000,103.0,1,103.0,22,103.5,34,2,2021-12-14 12:12:02
1639483935947018000,103.5,1,103.0,29,103.5,33,1,2021-12-14 12:12:15
1639483995131192000,103.0,5,103.0,24,103.5,27,2,2021-12-14 12:13:15
1639484002350515000,103.0,1,103.0,23,103.5,28,2,2021-12-14 12:13:22
1639484030334459000,103.0,3,103.0,12,103.5,25,2,2021-12-14 12:13:50
1639484032176565000,103.0,1,103.0,11,103.5,25,2,2021-12-14 12:13:52
1639484034525454000,103.0,1,103.0,10,103.5,24,2,2021-12-14 12:13:54
1639484038992771000,103.5,2,103.0,10,103.5,22,1,2021-12-14 12:13:58
1639484051568180000,103.0,1,103.0,9,103.5,22,2,2021-12-14 12:14:11
1639484094606431000,103.0,1,103.0,9,103.5,23,2,2021-12-14 12:14:54
1639484102308243000,103.0,1,103.0,8,103.5,23,2,2021-12-14 12:15:02
1639484109739562000,103.0,1,103.0,7,103.5,25,2,2021-12-14 12:15:09
1639484112054488000,103.0,1,103.0,6,103.5,30,2,2021-12-14 12:15:12
1639484113147105000,103.0,1,103.0,5,103.5,30,2,2021-12-14 12:15:13
1639484113170955000,103.0,5,102.5,330,103.5,30,2,2021-12-14 12:15:13
1639484115223277000,103.0,1,102.5,330,103.0,6,1,2021-12-14 12:15:15
1639484122284231000,103.0,8,102.5,330,103.0,7,1,2021-12-14 12:15:22
1639484173258794000,103.0,1,102.5,333,103.0,12,1,2021-12-14 12:16:13
1639484175966876000,103.0,1,102.5,333,103.0,11,1,2021-12-14 12:16:15
1639484180457158000,103.0,5,102.5,335,103.0,6,1,2021-12-14 12:16:20
1639484235866624000,103.0,1,102.5,335,103.0,8,1,2021-12-14 12:17:15
1639484246991162000,103.0,8,103.0,2,103.5,19,1,2021-12-14 12:17:26
1639484311909162000,103.0,2,103.0,3,103.5,18,2,2021-12-14 12:18:31
1639484343950184000,103.0,1,103.0,2,103.5,18,2,2021-12-14 12:19:03
1639484345083580000,103.5,3,103.0,2,103.5,15,1,2021-12-14 12:19:05
1639484379947886000,103.5,1,103.0,3,103.5,14,1,2021-12-14 12:19:39
1639484550780253000,103.5,1,103.0,8,103.5,19,1,2021-12-14 12:22:30
1639484655326179000,103.5,1,103.0,10,103.5,25,1,2021-12-14 12:24:15
1639484676991275000,103.5,1,103.0,10,103.5,24,1,2021-12-14 12:24:36
1639484737060274000,103.0,1,103.0,8,103.5,25,2,2021-12-14 12:25:37
1639484842504326000,103.0,1,103.0,6,103.5,32,2,2021-12-14 12:27:22
1639484856294957000,103.0,2,103.0,4,103.5,31,2,2021-12-14 12:27:36
1639484873762685000,103.0,1,103.0,3,103.5,31,2,2021-12-14 12:27:53
1639484902781760000,103.0,1,103.0,3,103.5,28,2,2021-12-14 12:28:22
1639484954973156000,103.0,1,103.0,3,103.5,25,2,2021-12-14 12:29:14
1639484962572420000,103.0,1,103.0,3,103.5,25,2,2021-12-14 12:29:22
1639484965170604000,103.0,1,103.0,2,103.5,25,2,2021-12-14 12:29:25
1639484979607517000,103.0,1,103.0,1,103.5,25,2,2021-12-14 12:29:39
1639484984674857000,103.0,1,102.5,331,103.5,25,2,2021-12-14 12:29:44
1639485011434277000,103.0,1,102.5,333,103.0,13,1,2021-12-14 12:30:11
1639485020241748000,102.5,1,102.5,333,103.0,13,2,2021-12-14 12:30:20
1639485058905373000,102.5,1,102.5,323,103.0,16,2,2021-12-14 12:30:58
1639485065703417000,102.5,1,102.5,326,103.0,16,2,2021-12-14 12:31:05
1639485080199382000,102.5,1,102.5,330,103.0,16,2,2021-12-14 12:31:20
1639485093224256000,102.5,1,102.5,326,103.0,15,2,2021-12-14 12:31:33
1639485099113138000,103.0,1,102.5,324,103.0,14,1,2021-12-14 12:31:39
1639485099447586000,102.5,3,102.5,321,103.0,14,2,2021-12-14 12:31:39
1639485149348736000,102.5,1,102.5,321,103.0,18,2,2021-12-14 12:32:29
1639485164965568000,102.5,1,102.5,320,103.0,18,2,2021-12-14 12:32:44
1639485255121568000,102.5,5,102.5,318,103.0,9,2,2021-12-14 12:34:15
1639485285336632000,102.5,1,102.5,314,103.0,17,2,2021-12-14 12:34:45
1639485288277782000,102.5,10,102.5,304,103.0,17,2,2021-12-14 12:34:48
1639485300738593000,102.5,1,102.5,307,103.0,22,2,2021-12-14 12:35:00
1639485304892292000,102.5,1,102.5,306,103.0,24,2,2021-12-14 12:35:04
1639485311214264000,102.5,1,102.5,306,103.0,24,2,2021-12-14 12:35:11
1639485315805388000,102.5,1,102.5,305,103.0,24,2,2021-12-14 12:35:15
1639485324845156000,102.5,1,102.5,304,103.0,24,2,2021-12-14 12:35:24
1639485382558285000,102.5,1,102.5,305,103.0,26,2,2021-12-14 12:36:22
1639485396356826000,102.5,1,102.5,304,103.0,25,2,2021-12-14 12:36:36
1639485409764147000,103.0,1,102.5,305,103.0,24,1,2021-12-14 12:36:49
1639485419623654000,103.0,1,102.5,305,103.0,23,1,2021-12-14 12:36:59
1639485429358789000,103.0,1,102.5,307,103.0,22,1,2021-12-14 12:37:09
1639485441852844000,103.0,1,102.5,305,103.0,21,1,2021-12-14 12:37:21
1639485445143710000,103.0,2,102.5,303,103.0,21,1,2021-12-14 12:37:25
1639485447702786000,103.0,1,102.5,303,103.0,18,1,2021-12-14 12:37:27
1639485461867358000,103.0,1,102.5,305,103.0,17,1,2021-12-14 12:37:41
1639485472595781000,103.0,1,102.5,304,103.0,16,1,2021-12-14 12:37:52
1639485485990779000,103.0,1,102.5,304,103.0,15,1,2021-12-14 12:38:05
1639485569955854000,103.0,1,102.5,303,103.0,16,1,2021-12-14 12:39:29
1639485583967420000,103.0,1,102.5,303,103.0,15,1,2021-12-14 12:39:43
1639485585122511000,103.0,4,102.5,303,103.0,11,1,2021-12-14 12:39:45
1639485589941595000,103.0,1,102.5,302,103.0,11,1,2021-12-14 12:39:49
1639485619479863000,103.0,1,102.5,304,103.0,10,1,2021-12-14 12:40:19
1639485657162121000,103.0,1,102.5,306,103.0,23,1,2021-12-14 12:40:57
1639485748393668000,103.0,1,102.5,298,103.0,25,1,2021-12-14 12:42:28
1639485783079427000,103.0,2,102.5,295,103.0,23,1,2021-12-14 12:43:03
1639485795365388000,103.0,5,102.5,290,103.0,18,1,2021-12-14 12:43:15
1639485818191177000,103.0,2,102.5,291,103.0,20,1,2021-12-14 12:43:38
1639485850842031000,103.0,1,102.5,291,103.0,19,1,2021-12-14 12:44:10
1639485851341053000,103.0,1,102.5,290,103.0,18,1,2021-12-14 12:44:11
1639485856537633000,103.0,5,102.5,287,103.0,13,1,2021-12-14 12:44:16
1639485856940581000,103.0,7,102.5,287,103.0,6,1,2021-12-14 12:44:16
1639485863462097000,103.0,1,102.5,286,103.0,5,1,2021-12-14 12:44:23
1639485864276123000,103.0,1,102.5,286,103.0,4,1,2021-12-14 12:44:24
1639485865711085000,103.0,1,102.5,286,103.0,3,1,2021-12-14 12:44:25
1639485865712911000,103.0,1,102.5,286,103.0,2,1,2021-12-14 12:44:25
1639485868623321000,103.0,1,102.5,285,103.0,1,1,2021-12-14 12:44:28
1639485868877746000,103.0,1,103.0,2,103.5,20,1,2021-12-14 12:44:28
1639485917848735000,103.0,5,103.0,6,103.5,22,2,2021-12-14 12:45:17
1639485945590141000,103.0,4,103.0,2,103.5,18,2,2021-12-14 12:45:45
1639485951554083000,103.0,1,103.0,1,103.5,23,2,2021-12-14 12:45:51
1639486016725024000,103.0,1,103.0,3,103.5,24,2,2021-12-14 12:46:56
1639486086208962000,103.0,3,102.5,286,103.5,24,2,2021-12-14 12:48:06
1639486244920733000,103.0,1,102.5,289,103.0,11,1,2021-12-14 12:50:44
1639486255151857000,103.0,1,102.5,289,103.0,10,1,2021-12-14 12:50:55
1639486347479588000,103.0,1,102.5,291,103.0,10,1,2021-12-14 12:52:27
1639486451514576000,103.0,1,102.5,289,103.0,16,1,2021-12-14 12:54:11
1639486558318541000,103.0,1,102.5,287,103.0,21,1,2021-12-14 12:55:58
1639486602678544000,103.0,1,102.5,288,103.0,20,1,2021-12-14 12:56:42
1639486629295073000,103.0,1,102.5,287,103.0,19,1,2021-12-14 12:57:09
1639486634334202000,103.0,2,102.5,287,103.0,17,1,2021-12-14 12:57:14
1639486643157756000,103.0,1,102.5,287,103.0,13,1,2021-12-14 12:57:23
1639486672816788000,103.0,1,102.5,288,103.0,19,1,2021-12-14 12:57:52
1639486692474746000,103.0,1,102.5,284,103.0,14,1,2021-12-14 12:58:12
1639486722402673000,103.0,1,102.5,284,103.0,13,1,2021-12-14 12:58:42
1639486723561853000,103.0,2,102.5,284,103.0,11,1,2021-12-14 12:58:43
1639486759631231000,103.0,1,102.5,283,103.0,10,1,2021-12-14 12:59:19
1639486774745555000,103.0,2,102.5,282,103.0,9,1,2021-12-14 12:59:34
1639486840825276000,103.0,1,102.5,282,103.0,22,1,2021-12-14 13:00:40
1639486856135522000,103.0,2,102.5,280,103.0,21,1,2021-12-14 13:00:56
1639486998635115000,102.5,1,102.5,281,103.0,26,2,2021-12-14 13:03:18
1639487009895523000,103.0,2,102.5,282,103.0,28,1,2021-12-14 13:03:29
1639487175115646000,102.5,1,102.5,284,103.0,38,2,2021-12-14 13:06:15
1639487190860624000,102.5,1,102.5,283,103.0,37,2,2021-12-14 13:06:30
1639487245419577000,103.0,1,102.5,287,103.0,35,1,2021-12-14 13:07:25
1639487253042026000,103.0,1,102.5,288,103.0,39,1,2021-12-14 13:07:33
1639487256979087000,103.0,1,102.5,283,103.0,38,1,2021-12-14 13:07:36
1639487262087900000,103.0,1,102.5,283,103.0,36,1,2021-12-14 13:07:42
1639487284538184000,103.0,1,102.5,283,103.0,36,1,2021-12-14 13:08:04
1639487292747491000,103.0,1,102.5,282,103.0,35,1,2021-12-14 13:08:12
1639487307759515000,103.0,2,102.5,284,103.0,37,1,2021-12-14 13:08:27
1639487357468256000,103.0,2,102.5,286,103.0,37,1,2021-12-14 13:09:17
1639487360115776000,103.0,1,102.5,285,103.0,36,1,2021-12-14 13:09:20
1639487376596198000,103.0,1,102.5,289,103.0,31,1,2021-12-14 13:09:36
1639487379000895000,102.5,1,102.5,288,103.0,31,2,2021-12-14 13:09:39
1639487417465417000,102.5,1,102.5,291,103.0,31,2,2021-12-14 13:10:17
1639487426251748000,102.5,1,102.5,291,103.0,31,2,2021-12-14 13:10:26
1639487431241513000,103.0,1,102.5,289,103.0,30,1,2021-12-14 13:10:31
1639487466121219000,102.5,1,102.5,292,103.0,31,2,2021-12-14 13:11:06
1639487485748662000,103.0,1,102.5,293,103.0,30,1,2021-12-14 13:11:25
1639487506112631000,102.5,1,102.5,290,103.0,34,2,2021-12-14 13:11:46
1639487510581079000,103.0,1,102.5,290,103.0,33,1,2021-12-14 13:11:50
1639487514437222000,102.5,1,102.5,289,103.0,33,2,2021-12-14 13:11:54
1639487526114362000,102.5,1,102.5,288,103.0,33,2,2021-12-14 13:12:06
1639487539230643000,102.5,3,102.5,285,103.0,30,2,2021-12-14 13:12:19
1639487549676378000,102.5,1,102.5,284,103.0,30,2,2021-12-14 13:12:29
1639487556635876000,102.5,1,102.5,283,103.0,30,2,2021-12-14 13:12:36
1639487566084887000,102.5,1,102.5,282,103.0,30,2,2021-12-14 13:12:46
1639487581666005000,102.5,1,102.5,282,103.0,34,2,2021-12-14 13:13:01
1639487586077244000,102.5,1,102.5,280,103.0,34,2,2021-12-14 13:13:06
1639487604260007000,102.5,3,102.5,277,103.0,33,2,2021-12-14 13:13:24
1639487608052448000,102.5,1,102.5,276,103.0,33,2,2021-12-14 13:13:28
1639487609945787000,102.5,1,102.5,274,103.0,33,2,2021-12-14 13:13:29
1639487626031120000,102.5,1,102.5,273,103.0,33,2,2021-12-14 13:13:46
1639487626793173000,102.5,1,102.5,272,103.0,33,2,2021-12-14 13:13:46
1639487638581824000,103.0,1,102.5,272,103.0,32,1,2021-12-14 13:13:58
1639487644639198000,102.5,1,102.5,271,103.0,32,2,2021-12-14 13:14:04
1639487666032858000,102.5,1,102.5,271,103.0,32,2,2021-12-14 13:14:26
1639487682354768000,103.0,4,102.5,270,103.0,29,1,2021-12-14 13:14:42
1639487705999999000,102.5,1,102.5,269,103.0,29,2,2021-12-14 13:15:05
1639487745026221000,103.0,2,102.5,267,103.0,28,1,2021-12-14 13:15:45
1639487767014667000,102.5,1,102.5,266,103.0,27,2,2021-12-14 13:16:07
1639487793330776000,103.0,1,102.5,267,103.0,26,1,2021-12-14 13:16:33
1639487820550767000,103.0,1,102.5,262,103.0,25,1,2021-12-14 13:17:00
1639487820717991000,103.0,1,102.5,262,103.0,24,1,2021-12-14 13:17:00
1639487845778730000,103.0,1,102.5,263,103.0,22,1,2021-12-14 13:17:25
1639487850943272000,103.0,1,102.5,263,103.0,22,1,2021-12-14 13:17:30
1639487898235260000,103.0,2,102.5,262,103.0,18,1,2021-12-14 13:18:18
1639487925025830000,103.0,1,102.5,261,103.0,17,1,2021-12-14 13:18:45
1639487925542661000,103.0,3,102.5,258,103.0,14,1,2021-12-14 13:18:45
1639487937341136000,103.0,1,102.5,258,103.0,12,1,2021-12-14 13:18:57
1639487940532455000,103.0,1,102.5,259,103.0,11,1,2021-12-14 13:19:00
1639487955502414000,103.0,1,102.5,259,103.0,10,1,2021-12-14 13:19:15
1639487956152701000,103.0,1,102.5,259,103.0,9,1,2021-12-14 13:19:16
1639487978054664000,103.0,3,102.5,260,103.0,10,1,2021-12-14 13:19:38
1639487997022144000,103.0,1,102.5,260,103.0,16,1,2021-12-14 13:19:57
1639487999108452000,103.0,1,102.5,261,103.0,8,1,2021-12-14 13:19:59
1639488010011691000,103.0,1,102.5,261,103.0,7,1,2021-12-14 13:20:10
1639488024038275000,103.0,1,102.5,261,103.0,7,1,2021-12-14 13:20:24
1639488026806808000,103.0,1,102.5,261,103.0,15,1,2021-12-14 13:20:26
1639488029428132000,103.0,1,102.5,261,103.0,7,1,2021-12-14 13:20:29
1639488052326592000,103.0,2,102.5,261,103.0,5,1,2021-12-14 13:20:52
1639488091399443000,103.0,1,102.5,261,103.0,5,1,2021-12-14 13:21:31
1639488091444439000,103.0,2,102.5,261,103.0,3,1,2021-12-14 13:21:31
1639488093810346000,103.0,1,102.5,261,103.0,2,1,2021-12-14 13:21:33
1639488098550965000,103.0,1,102.5,260,103.0,1,1,2021-12-14 13:21:38
1639488108689136000,103.0,1,102.5,259,103.0,1,1,2021-12-14 13:21:48
1639488109527189000,103.0,1,102.5,258,103.5,18,1,2021-12-14 13:21:49
1639488130647798000,103.0,10,102.5,254,103.5,19,2,2021-12-14 13:22:10
1639488139503822000,103.0,2,102.5,253,103.0,9,1,2021-12-14 13:22:19
1639488145737873000,103.0,1,102.5,256,103.0,8,1,2021-12-14 13:22:25
1639488177853496000,103.0,1,102.5,256,103.0,10,1,2021-12-14 13:22:57
1639488177988688000,103.0,1,102.5,255,103.0,9,1,2021-12-14 13:22:57
1639488178593217000,103.0,1,102.5,254,103.0,8,1,2021-12-14 13:22:58
1639488186509986000,103.0,1,102.5,254,103.0,7,1,2021-12-14 13:23:06
1639488197313445000,103.0,1,102.5,254,103.0,9,1,2021-12-14 13:23:17
1639488208924246000,102.5,1,102.5,253,103.0,11,2,2021-12-14 13:23:28
1639488218071979000,102.5,1,102.5,254,103.0,10,2,2021-12-14 13:23:38
1639488221247544000,102.5,1,102.5,253,103.0,10,2,2021-12-14 13:23:41
1639488231226467000,102.5,1,102.5,253,103.0,10,2,2021-12-14 13:23:51
1639488231958421000,103.0,10,103.0,16,103.5,16,1,2021-12-14 13:23:51
1639488257737759000,103.5,1,103.0,22,103.5,16,1,2021-12-14 13:24:17
1639488269993343000,103.5,1,103.0,26,103.5,15,1,2021-12-14 13:24:29
1639488293264459000,103.5,1,103.0,27,103.5,13,1,2021-12-14 13:24:53
1639488600000000000,103.5,87,103.0,43,103.5,9,1,2021-12-14 13:30:00
