ts,close,volume,bid_price,bid_volume,ask_price,ask_volume,tick_type,datetime
1650963736499595000,50.9,2034,50.8,20,50.9,13,1,2022-04-26 09:02:16
1650963736566905000,50.8,3,50.8,17,50.9,13,2,2022-04-26 09:02:16
1650963736599309000,50.8,17,50.6,5,50.9,13,2,2022-04-26 09:02:16
1650963736599309000,50.7,12,50.6,5,50.9,13,2,2022-04-26 09:02:16
1650963736599309000,50.6,3,50.6,5,50.9,13,2,2022-04-26 09:02:16
1650963736676549000,50.6,3,50.6,2,50.8,2,2,2022-04-26 09:02:16
1650963736688187000,50.8,2,50.6,4,50.9,5,1,2022-04-26 09:02:16
1650963736688187000,50.9,8,50.6,4,50.9,5,1,2022-04-26 09:02:16
1650963736697250000,50.9,3,50.6,4,50.9,2,1,2022-04-26 09:02:16
1650963736705932000,50.6,4,50.5,48,50.9,2,2,2022-04-26 09:02:16
1650963736705932000,50.5,3,50.5,48,50.9,2,2,2022-04-26 09:02:16
1650963736754053000,50.7,1,50.5,48,50.8,13,1,2022-04-26 09:02:16
1650963736974349000,50.5,1,50.5,47,50.8,16,2,2022-04-26 09:02:16
1650963737332234000,50.8,2,50.5,50,50.8,14,1,2022-04-26 09:02:17
1650963737413213000,50.7,1,50.5,50,50.8,14,1,2022-04-26 09:02:17
1650963738008578000,50.5,1,50.5,49,50.7,1,2,2022-04-26 09:02:18
1650963738105134000,50.7,1,50.5,49,50.8,20,1,2022-04-26 09:02:18
1650963738272046000,50.6,8,50.5,49,50.6,2,1,2022-04-26 09:02:18
1650963738272152000,50.6,2,50.5,49,50.8,20,1,2022-04-26 09:02:18
1650963738274946000,50.8,1,50.5,49,50.8,19,1,2022-04-26 09:02:18
1650963738388568000,50.7,1,50.5,49,50.8,18,1,2022-04-26 09:02:18
1650963738388568000,50.8,1,50.5,49,50.8,18,1,2022-04-26 09:02:18
1650963738772953000,50.5,1,50.5,48,50.7,1,2,2022-04-26 09:02:18
1650963739025603000,50.7,1,50.5,48,51.0,154,1,2022-04-26 09:02:19
1650963739025603000,50.8,28,50.5,48,51.0,154,1,2022-04-26 09:02:19
1650963739025603000,50.9,9,50.5,48,51.0,154,1,2022-04-26 09:02:19
1650963739025603000,51.0,2,50.5,48,51.0,154,1,2022-04-26 09:02:19
1650963739214146000,50.7,1,50.6,3,50.9,3,1,2022-04-26 09:02:19
1650963739234676000,50.9,1,50.6,1,51.0,154,1,2022-04-26 09:02:19
1650963739402213000,50.7,3,50.6,2,50.7,7,2,2022-04-26 09:02:19
1650963739438745000,50.7,7,50.6,2,50.9,3,1,2022-04-26 09:02:19
1650963739541338000,50.7,2,50.6,1,50.9,4,1,2022-04-26 09:02:19
1650963739785029000,50.6,3,50.6,5,50.8,1,2,2022-04-26 09:02:19
1650963739836159000,50.8,2,50.6,5,51.0,134,1,2022-04-26 09:02:19
1650963739836159000,50.9,4,50.6,5,51.0,134,1,2022-04-26 09:02:19
1650963739836159000,51.0,19,50.6,5,51.0,134,1,2022-04-26 09:02:19
1650963739978716000,50.9,1,50.7,8,50.9,15,1,2022-04-26 09:02:19
1650963739980971000,50.9,15,50.7,8,51.0,134,1,2022-04-26 09:02:19
1650963740079934000,50.9,2,50.7,11,50.9,1,1,2022-04-26 09:02:20
1650963740105573000,50.9,1,50.7,11,51.0,120,1,2022-04-26 09:02:20
1650963740105573000,51.0,14,50.7,11,51.0,120,1,2022-04-26 09:02:20
1650963740190262000,51.0,1,50.7,12,51.0,119,1,2022-04-26 09:02:20
1650963740256933000,50.7,13,50.7,5,51.0,119,2,2022-04-26 09:02:20
1650963740259844000,51.0,15,50.7,5,51.0,104,1,2022-04-26 09:02:20
1650963740541200000,51.0,5,50.8,2,51.0,99,1,2022-04-26 09:02:20
1650963740669659000,51.0,5,50.8,7,51.0,104,1,2022-04-26 09:02:20
1650963740825830000,50.8,11,50.8,1,51.0,104,2,2022-04-26 09:02:20
1650963740883428000,50.9,2,50.8,1,51.0,101,1,2022-04-26 09:02:20
1650963740883428000,51.0,3,50.8,1,51.0,101,1,2022-04-26 09:02:20
1650963740994370000,50.9,1,50.8,1,51.0,97,1,2022-04-26 09:02:20
1650963740994370000,51.0,4,50.8,1,51.0,97,1,2022-04-26 09:02:20
1650963741100449000,51.0,25,50.8,6,51.0,72,1,2022-04-26 09:02:21
1650963741345279000,51.0,5,50.8,6,51.0,67,1,2022-04-26 09:02:21
1650963741373769000,51.0,24,50.8,9,51.0,43,1,2022-04-26 09:02:21
1650963741403880000,51.0,10,50.9,1,51.0,33,1,2022-04-26 09:02:21
1650963741406563000,51.0,24,50.9,1,51.0,9,1,2022-04-26 09:02:21
1650963741406719000,51.0,9,50.9,1,51.1,13,1,2022-04-26 09:02:21
1650963741475125000,51.1,1,50.9,1,51.1,12,1,2022-04-26 09:02:21
1650963741506550000,51.0,3,51.0,1,51.1,12,2,2022-04-26 09:02:21
1650963741846791000,51.1,10,51.0,17,51.1,2,1,2022-04-26 09:02:21
1650963741881928000,51.1,2,51.0,17,51.2,23,1,2022-04-26 09:02:21
1650963742119175000,51.2,4,51.1,35,51.2,19,1,2022-04-26 09:02:22
1650963742144754000,51.2,9,51.1,35,51.2,10,1,2022-04-26 09:02:22
1650963742148249000,51.2,10,51.1,35,51.3,3,1,2022-04-26 09:02:22
1650963742215781000,51.3,1,51.1,35,51.3,2,1,2022-04-26 09:02:22
1650963742258090000,51.2,3,51.1,40,51.3,2,2,2022-04-26 09:02:22
1650963742296061000,51.3,2,51.2,5,51.4,30,1,2022-04-26 09:02:22
1650963742296061000,51.4,3,51.2,5,51.4,30,1,2022-04-26 09:02:22
1650963742323815000,51.4,5,51.2,5,51.4,25,1,2022-04-26 09:02:22
1650963742331129000,51.2,1,51.2,4,51.4,25,2,2022-04-26 09:02:22
1650963742336428000,51.2,4,51.1,45,51.4,25,2,2022-04-26 09:02:22
1650963742400153000,51.4,5,51.3,3,51.4,20,1,2022-04-26 09:02:22
1650963742404101000,51.3,2,51.3,1,51.4,20,2,2022-04-26 09:02:22
1650963742436870000,51.3,1,51.1,45,51.4,20,2,2022-04-26 09:02:22
1650963742610969000,51.4,1,51.3,8,51.4,19,1,2022-04-26 09:02:22
1650963742729664000,51.4,10,51.3,13,51.4,9,1,2022-04-26 09:02:22
1650963742767216000,51.3,6,51.3,7,51.4,9,2,2022-04-26 09:02:22
1650963742959373000,51.4,5,51.3,7,51.4,4,1,2022-04-26 09:02:22
1650963743055938000,51.4,4,51.3,7,51.5,186,1,2022-04-26 09:02:23
1650963743055938000,51.5,1,51.3,7,51.5,186,1,2022-04-26 09:02:23
1650963743244362000,51.3,1,51.3,6,51.5,186,2,2022-04-26 09:02:23
1650963743265152000,51.3,1,51.3,6,51.5,186,2,2022-04-26 09:02:23
1650963743489147000,51.3,6,51.1,23,51.5,186,2,2022-04-26 09:02:23
1650963743489147000,51.2,16,51.1,23,51.5,186,2,2022-04-26 09:02:23
1650963743489147000,51.1,28,51.1,23,51.5,186,2,2022-04-26 09:02:23
1650963743581807000,51.4,1,51.2,3,51.4,16,1,2022-04-26 09:02:23
1650963743846182000,51.2,3,51.1,23,51.4,16,2,2022-04-26 09:02:23
1650963743899012000,51.4,1,51.1,23,51.4,15,1,2022-04-26 09:02:23
1650963744042561000,51.4,1,51.1,23,51.4,19,1,2022-04-26 09:02:24
1650963744238859000,51.2,1,51.1,24,51.2,4,1,2022-04-26 09:02:24
1650963744239070000,51.2,4,51.1,24,51.3,4,1,2022-04-26 09:02:24
1650963744239070000,51.3,1,51.1,24,51.3,4,1,2022-04-26 09:02:24
1650963744277262000,51.1,10,51.1,14,51.3,5,2,2022-04-26 09:02:24
1650963744310006000,51.1,14,51.0,68,51.3,5,2,2022-04-26 09:02:24
1650963744566336000,51.2,1,51.0,78,51.2,2,1,2022-04-26 09:02:24
1650963744585933000,51.0,28,51.0,50,51.2,2,2,2022-04-26 09:02:24
1650963744609629000,51.2,1,51.0,50,51.2,1,1,2022-04-26 09:02:24
1650963744654584000,51.1,1,51.2,7,51.3,5,1,2022-04-26 09:02:24
1650963744654584000,51.2,1,51.2,7,51.3,5,1,2022-04-26 09:02:24
1650963744667730000,51.3,5,51.2,7,51.4,31,1,2022-04-26 09:02:24
1650963744690253000,51.2,7,51.0,1,51.4,31,2,2022-04-26 09:02:24
1650963744690253000,51.0,50,51.0,1,51.4,31,2,2022-04-26 09:02:24
1650963744690423000,51.0,1,50.9,8,51.4,31,2,2022-04-26 09:02:24
1650963744756207000,51.1,3,51.0,2,51.3,10,2,2022-04-26 09:02:24
1650963744768198000,51.3,4,51.0,2,51.3,6,1,2022-04-26 09:02:24
1650963744792647000,51.2,5,51.2,20,51.3,6,1,2022-04-26 09:02:24
1650963744836456000,51.2,20,51.0,2,51.3,6,2,2022-04-26 09:02:24
1650963744924293000,51.3,5,51.0,2,51.3,6,1,2022-04-26 09:02:24
1650963745007062000,51.1,1,51.0,2,51.3,9,2,2022-04-26 09:02:25
1650963745140102000,51.3,1,51.0,2,51.3,11,1,2022-04-26 09:02:25
1650963745160274000,51.3,2,51.0,2,51.3,9,1,2022-04-26 09:02:25
1650963745223460000,51.3,3,51.0,2,51.3,11,1,2022-04-26 09:02:25
1650963745464694000,51.0,2,50.9,3,51.3,16,2,2022-04-26 09:02:25
1650963745464694000,50.9,5,50.9,3,51.3,16,2,2022-04-26 09:02:25
1650963745469884000,51.3,2,50.9,3,51.3,14,1,2022-04-26 09:02:25
1650963745514203000,51.2,3,51.0,3,51.3,17,1,2022-04-26 09:02:25
1650963745552508000,51.1,1,51.0,3,51.2,1,1,2022-04-26 09:02:25
1650963745736048000,51.2,1,51.0,3,51.3,18,1,2022-04-26 09:02:25
1650963745800106000,51.2,1,51.0,3,51.3,18,1,2022-04-26 09:02:25
1650963745932350000,51.3,1,51.0,4,51.3,17,1,2022-04-26 09:02:25
1650963746020707000,51.2,1,51.0,4,51.2,7,1,2022-04-26 09:02:26
1650963746080393000,51.2,1,51.0,4,51.2,6,1,2022-04-26 09:02:26
1650963746146405000,51.1,1,51.0,6,51.2,6,2,2022-04-26 09:02:26
1650963746222955000,51.2,1,51.0,6,51.2,5,1,2022-04-26 09:02:26
1650963746234206000,51.0,3,51.0,3,51.2,5,2,2022-04-26 09:02:26
1650963746290574000,51.2,2,51.0,4,51.2,13,1,2022-04-26 09:02:26
1650963746299694000,51.0,4,50.9,5,51.2,13,2,2022-04-26 09:02:26
1650963746356765000,51.1,1,50.9,4,51.2,13,1,2022-04-26 09:02:26
1650963746425501000,51.2,1,50.9,4,51.2,17,1,2022-04-26 09:02:26
1650963746459579000,51.2,1,50.9,4,51.2,16,1,2022-04-26 09:02:26
1650963746459741000,51.2,2,50.9,4,51.2,14,1,2022-04-26 09:02:26
1650963746484980000,51.2,1,50.9,4,51.2,13,1,2022-04-26 09:02:26
1650963746539378000,51.2,1,50.9,4,51.2,12,1,2022-04-26 09:02:26
1650963746558409000,50.9,1,50.9,3,51.2,12,2,2022-04-26 09:02:26
1650963746602801000,50.9,3,50.8,6,50.9,7,2,2022-04-26 09:02:26
1650963746685924000,50.9,1,50.8,6,50.9,6,1,2022-04-26 09:02:26
1650963746688980000,50.9,1,50.8,6,50.9,5,1,2022-04-26 09:02:26
1650963746805542000,50.9,5,50.8,6,51.1,46,1,2022-04-26 09:02:26
1650963746818921000,50.8,1,50.8,5,51.1,46,2,2022-04-26 09:02:26
1650963746821001000,51.1,1,50.8,5,51.1,45,1,2022-04-26 09:02:26
1650963746879873000,51.0,1,50.8,10,51.1,42,1,2022-04-26 09:02:26
1650963746879873000,51.1,3,50.8,10,51.1,42,1,2022-04-26 09:02:26
1650963746970700000,51.1,1,50.8,10,51.1,41,1,2022-04-26 09:02:26
1650963746980444000,51.1,1,50.8,10,51.1,40,1,2022-04-26 09:02:26
1650963747178758000,51.0,1,50.8,10,51.1,40,1,2022-04-26 09:02:27
1650963747225055000,51.1,1,50.8,10,51.1,39,1,2022-04-26 09:02:27
1650963747291254000,50.8,10,50.7,11,51.0,15,2,2022-04-26 09:02:27
1650963747322423000,50.9,1,50.7,11,50.9,1,2,2022-04-26 09:02:27
1650963747323961000,50.9,1,50.7,11,51.0,15,1,2022-04-26 09:02:27
1650963747609887000,50.9,1,50.7,11,50.9,1,1,2022-04-26 09:02:27
1650963747623648000,50.9,1,50.7,11,51.0,7,1,2022-04-26 09:02:27
1650963747623648000,51.0,20,50.7,11,51.0,7,1,2022-04-26 09:02:27
1650963747750589000,50.9,6,50.7,11,50.9,4,1,2022-04-26 09:02:27
1650963747759510000,50.9,4,50.7,11,51.0,7,1,2022-04-26 09:02:27
1650963747795703000,51.0,1,50.7,11,51.0,6,1,2022-04-26 09:02:27
1650963747817298000,50.8,1,50.7,11,51.0,6,1,2022-04-26 09:02:27
1650963747837944000,51.0,1,50.7,8,51.0,5,1,2022-04-26 09:02:27
1650963748080044000,51.0,1,50.8,2,51.0,4,1,2022-04-26 09:02:28
1650963748128104000,50.8,2,50.8,3,51.0,4,2,2022-04-26 09:02:28
1650963748277431000,50.9,2,50.8,3,51.0,8,1,2022-04-26 09:02:28
1650963748277431000,51.0,3,50.8,3,51.0,8,1,2022-04-26 09:02:28
1650963748309868000,50.8,1,50.8,2,50.9,1,2,2022-04-26 09:02:28
1650963748384650000,50.9,1,50.8,2,51.0,56,1,2022-04-26 09:02:28
1650963748384650000,51.0,2,50.8,2,51.0,56,1,2022-04-26 09:02:28
1650963748390048000,50.8,2,50.7,8,51.0,56,2,2022-04-26 09:02:28
1650963748434989000,50.9,5,50.7,8,51.0,56,2,2022-04-26 09:02:28
1650963748572902000,51.0,1,50.7,8,51.0,55,1,2022-04-26 09:02:28
1650963748752991000,50.9,1,50.7,8,50.9,2,1,2022-04-26 09:02:28
1650963748824007000,50.9,1,50.7,8,50.9,1,1,2022-04-26 09:02:28
1650963748928718000,50.9,1,50.7,8,51.0,74,1,2022-04-26 09:02:28
1650963748997636000,51.0,1,50.7,8,51.0,73,1,2022-04-26 09:02:28
1650963749161980000,50.7,3,50.7,5,50.9,1,2,2022-04-26 09:02:29
1650963749300132000,50.9,5,50.7,15,51.0,67,1,2022-04-26 09:02:29
1650963749300132000,51.0,15,50.7,15,51.0,67,1,2022-04-26 09:02:29
1650963749358683000,50.9,1,50.7,15,50.9,9,1,2022-04-26 09:02:29
1650963749513519000,50.8,1,50.7,15,50.8,1,1,2022-04-26 09:02:29
1650963749609258000,50.8,1,50.7,15,50.9,13,1,2022-04-26 09:02:29
1650963749609258000,50.9,1,50.7,15,50.9,13,1,2022-04-26 09:02:29
1650963749789732000,50.8,1,50.7,15,50.9,18,1,2022-04-26 09:02:29
1650963749834833000,50.9,5,50.7,15,50.9,23,1,2022-04-26 09:02:29
1650963749850105000,50.9,1,50.7,15,50.9,22,1,2022-04-26 09:02:29
1650963750074401000,50.9,1,50.7,15,50.9,21,1,2022-04-26 09:02:30
1650963750181900000,50.9,1,50.7,15,50.9,30,1,2022-04-26 09:02:30
1650963750203558000,50.9,10,50.7,15,50.9,20,1,2022-04-26 09:02:30
1650963750452083000,50.9,10,50.7,15,50.9,22,1,2022-04-26 09:02:30
1650963750493401000,50.7,10,50.7,5,50.9,22,2,2022-04-26 09:02:30
1650963750519063000,50.7,5,50.6,1,50.9,22,2,2022-04-26 09:02:30
1650963750519063000,50.6,5,50.6,1,50.9,22,2,2022-04-26 09:02:30
1650963750573764000,50.8,1,50.6,1,50.8,1,1,2022-04-26 09:02:30
1650963750714485000,50.6,1,50.5,58,50.7,5,2,2022-04-26 09:02:30
1650963750714485000,50.5,4,50.5,58,50.7,5,2,2022-04-26 09:02:30
1650963750758112000,50.7,2,50.6,3,50.7,3,1,2022-04-26 09:02:30
1650963750761051000,50.7,1,50.6,3,50.7,2,1,2022-04-26 09:02:30
1650963750789884000,50.7,2,50.6,4,50.8,2,1,2022-04-26 09:02:30
1650963750806093000,50.6,1,50.6,3,50.8,2,2,2022-04-26 09:02:30
1650963750840830000,50.6,1,50.6,2,50.8,2,2,2022-04-26 09:02:30
1650963750855924000,50.8,1,50.6,2,50.8,1,1,2022-04-26 09:02:30
1650963750908618000,50.7,1,50.6,2,50.8,1,1,2022-04-26 09:02:30
1650963750912198000,50.6,2,50.5,58,50.6,8,2,2022-04-26 09:02:30
1650963750932641000,50.6,5,50.5,58,50.6,3,1,2022-04-26 09:02:30
1650963750946460000,50.6,3,50.5,58,50.8,1,1,2022-04-26 09:02:30
1650963750955903000,50.5,1,50.5,57,50.8,1,2,2022-04-26 09:02:30
1650963751101599000,50.8,1,50.7,2,50.9,22,1,2022-04-26 09:02:31
1650963751101599000,50.9,4,50.7,2,50.9,22,1,2022-04-26 09:02:31
1650963751135467000,50.9,1,50.7,2,50.9,21,1,2022-04-26 09:02:31
1650963751428536000,50.7,2,50.7,1,50.9,20,2,2022-04-26 09:02:31
1650963751514476000,50.7,1,50.5,57,50.7,4,2,2022-04-26 09:02:31
1650963751536240000,50.7,2,50.5,57,50.7,2,1,2022-04-26 09:02:31
1650963751579596000,50.7,1,50.5,57,50.7,1,1,2022-04-26 09:02:31
1650963751629541000,50.6,1,50.5,57,50.7,1,1,2022-04-26 09:02:31
1650963751729064000,50.5,10,50.5,47,50.6,1,2,2022-04-26 09:02:31
1650963751753256000,50.6,1,50.5,47,50.7,1,1,2022-04-26 09:02:31
1650963751904006000,50.5,20,50.5,27,50.6,1,2,2022-04-26 09:02:31
1650963751917545000,50.6,1,50.5,27,50.7,5,1,2022-04-26 09:02:31
1650963751946365000,50.5,1,50.5,26,50.7,5,2,2022-04-26 09:02:31
1650963751952751000,50.5,1,50.5,25,50.7,5,2,2022-04-26 09:02:31
1650963751974781000,50.5,1,50.5,24,50.7,5,2,2022-04-26 09:02:31
1650963752144885000,50.7,1,50.5,24,50.7,5,1,2022-04-26 09:02:32
1650963752176279000,50.7,1,50.5,24,50.7,4,1,2022-04-26 09:02:32
1650963752302919000,50.7,2,50.5,24,50.7,2,1,2022-04-26 09:02:32
1650963752381888000,50.5,11,50.5,13,50.7,7,2,2022-04-26 09:02:32
1650963752434974000,50.5,10,50.5,3,50.6,1,2,2022-04-26 09:02:32
1650963752457896000,50.5,3,50.4,18,50.6,1,2,2022-04-26 09:02:32
1650963752502393000,50.5,2,50.4,18,50.6,1,1,2022-04-26 09:02:32
1650963752507416000,50.6,1,50.6,4,50.7,17,1,2022-04-26 09:02:32
1650963752535069000,50.6,2,50.6,2,50.7,18,2,2022-04-26 09:02:32
1650963752535086000,50.6,2,50.4,18,50.7,18,2,2022-04-26 09:02:32
1650963752590890000,50.6,1,50.4,18,50.7,13,1,2022-04-26 09:02:32
1650963752590890000,50.7,5,50.4,18,50.7,13,1,2022-04-26 09:02:32
1650963752596538000,50.4,1,50.4,17,50.7,13,2,2022-04-26 09:02:32
1650963752612972000,50.7,2,50.4,17,50.7,11,1,2022-04-26 09:02:32
1650963752622068000,50.7,1,50.4,17,50.7,10,1,2022-04-26 09:02:32
1650963752638119000,50.4,10,50.4,7,50.7,10,2,2022-04-26 09:02:32
1650963752652606000,50.7,10,50.4,7,50.7,2,1,2022-04-26 09:02:32
1650963752688671000,50.6,1,50.4,7,50.6,1,1,2022-04-26 09:02:32
1650963752732062000,50.4,7,50.3,8,50.6,1,2,2022-04-26 09:02:32
1650963752732062000,50.3,3,50.3,8,50.6,1,2,2022-04-26 09:02:32
1650963752778040000,50.3,1,50.3,7,50.5,1,2,2022-04-26 09:02:32
1650963752779271000,50.3,1,50.3,6,50.5,1,2,2022-04-26 09:02:32
1650963752787807000,50.3,1,50.3,5,50.5,1,2,2022-04-26 09:02:32
1650963752829430000,50.5,1,50.3,5,50.6,1,1,2022-04-26 09:02:32
1650963752878038000,50.6,1,50.3,5,50.7,4,1,2022-04-26 09:02:32
1650963752990025000,50.6,1,50.4,3,50.6,14,1,2022-04-26 09:02:32
1650963753116638000,50.6,1,50.4,3,50.6,18,1,2022-04-26 09:02:33
1650963753117665000,50.4,3,50.3,1,50.6,18,2,2022-04-26 09:02:33
1650963753117665000,50.3,4,50.3,1,50.6,18,2,2022-04-26 09:02:33
1650963753138217000,50.5,1,50.3,1,50.6,18,2,2022-04-26 09:02:33
1650963753261718000,50.3,1,50.2,22,50.5,50,2,2022-04-26 09:02:33
1650963753357242000,50.2,1,50.2,21,50.5,50,2,2022-04-26 09:02:33
1650963753378390000,50.2,8,50.2,13,50.5,50,2,2022-04-26 09:02:33
1650963753500422000,50.4,1,50.2,12,50.4,1,1,2022-04-26 09:02:33
1650963753685009000,50.4,1,50.2,12,50.5,50,1,2022-04-26 09:02:33
1650963753729316000,50.5,1,50.2,12,50.5,54,1,2022-04-26 09:02:33
1650963753785373000,50.4,3,50.2,13,50.4,2,1,2022-04-26 09:02:33
1650963754024678000,50.4,1,50.2,13,50.4,1,1,2022-04-26 09:02:34
1650963754162795000,50.4,1,50.2,13,50.5,54,1,2022-04-26 09:02:34
1650963754313430000,50.3,2,50.1,20,50.2,13,2,2022-04-26 09:02:34
1650963754313430000,50.2,13,50.1,20,50.2,13,2,2022-04-26 09:02:34
1650963754331085000,50.1,3,50.1,17,50.2,13,2,2022-04-26 09:02:34
1650963754344848000,50.2,13,50.1,17,50.5,54,1,2022-04-26 09:02:34
1650963754380033000,50.1,1,50.1,16,50.5,54,2,2022-04-26 09:02:34
1650963754380163000,50.1,1,50.1,15,50.5,54,2,2022-04-26 09:02:34
1650963754408556000,50.1,2,50.1,13,50.4,4,2,2022-04-26 09:02:34
1650963754421890000,50.1,3,50.1,10,50.4,4,2,2022-04-26 09:02:34
1650963754520812000,50.4,1,50.1,10,50.4,3,1,2022-04-26 09:02:34
1650963754594605000,50.2,1,50.1,10,50.4,8,1,2022-04-26 09:02:34
1650963754788426000,50.2,25,50.0,8,50.4,18,2,2022-04-26 09:02:34
1650963754788426000,50.1,10,50.0,8,50.4,18,2,2022-04-26 09:02:34
1650963754788426000,50.0,120,50.0,8,50.4,18,2,2022-04-26 09:02:34
1650963754961774000,50.3,3,50.2,30,50.3,6,1,2022-04-26 09:02:34
1650963754965955000,50.2,10,50.2,20,50.3,6,2,2022-04-26 09:02:34
1650963755208913000,50.3,1,50.2,20,50.3,6,1,2022-04-26 09:02:35
1650963755248263000,50.2,1,50.2,19,50.3,6,2,2022-04-26 09:02:35
1650963755270513000,50.2,9,50.2,10,50.3,6,2,2022-04-26 09:02:35
1650963755367773000,50.2,10,50.2,2,50.3,16,2,2022-04-26 09:02:35
1650963755390345000,50.2,2,50.0,8,50.3,16,2,2022-04-26 09:02:35
1650963755398560000,50.0,4,50.0,4,50.3,16,2,2022-04-26 09:02:35
1650963755411859000,50.3,1,50.0,4,50.3,15,1,2022-04-26 09:02:35
1650963755413194000,50.0,4,49.9,20,50.3,15,2,2022-04-26 09:02:35
1650963755413194000,49.95,4,49.9,20,50.3,15,2,2022-04-26 09:02:35
1650963755413194000,49.9,4,49.9,20,50.3,15,2,2022-04-26 09:02:35
1650963755552538000,50.2,1,49.9,20,50.3,15,1,2022-04-26 09:02:35
1650963755617473000,49.95,1,49.9,20,49.95,9,2,2022-04-26 09:02:35
1650963755623915000,49.95,1,49.9,20,49.95,8,1,2022-04-26 09:02:35
1650963755644416000,49.95,8,49.9,20,50.3,15,1,2022-04-26 09:02:35
1650963755734610000,49.95,3,49.9,20,49.95,7,2,2022-04-26 09:02:35
1650963755769731000,49.95,7,49.9,20,50.3,15,1,2022-04-26 09:02:35
1650963755774268000,50.3,1,49.9,20,50.3,14,1,2022-04-26 09:02:35
1650963755775673000,50.3,1,49.9,20,50.3,13,1,2022-04-26 09:02:35
1650963755786121000,49.9,2,49.9,18,50.3,13,2,2022-04-26 09:02:35
1650963755789911000,49.9,2,49.9,16,50.3,13,2,2022-04-26 09:02:35
1650963755987718000,50.2,2,49.9,16,50.2,54,1,2022-04-26 09:02:35
1650963756056570000,49.95,1,49.9,15,50.1,10,2,2022-04-26 09:02:36
1650963756056570000,49.9,1,49.9,15,50.1,10,2,2022-04-26 09:02:36
1650963756096901000,49.95,1,49.9,15,50.1,10,1,2022-04-26 09:02:36
1650963756310209000,50.1,5,49.9,15,50.1,5,1,2022-04-26 09:02:36
1650963756494608000,50.1,2,50.0,5,50.1,3,1,2022-04-26 09:02:36
1650963756566567000,50.0,1,50.0,4,50.1,3,2,2022-04-26 09:02:36
1650963756887499000,50.1,1,50.0,4,50.1,5,1,2022-04-26 09:02:36
1650963756971601000,50.0,3,50.0,1,50.1,5,2,2022-04-26 09:02:36
1650963757016076000,50.1,5,50.0,1,50.1,10,1,2022-04-26 09:02:37
1650963757153808000,50.1,1,50.0,1,50.1,9,1,2022-04-26 09:02:37
1650963757195159000,50.0,1,49.95,1,50.1,9,2,2022-04-26 09:02:37
1650963757308026000,50.0,1,49.95,1,50.1,9,2,2022-04-26 09:02:37
1650963757318266000,50.1,1,49.95,1,50.1,8,1,2022-04-26 09:02:37
1650963757371748000,50.1,1,49.95,1,50.1,7,1,2022-04-26 09:02:37
1650963757411018000,49.95,1,49.9,8,50.1,7,2,2022-04-26 09:02:37
1650963757411018000,49.9,8,49.9,8,50.1,7,2,2022-04-26 09:02:37
1650963757499108000,50.1,7,50.1,19,50.2,81,1,2022-04-26 09:02:37
1650963757569785000,50.1,10,50.1,9,50.2,67,2,2022-04-26 09:02:37
1650963757705365000,50.1,1,50.1,8,50.2,62,2,2022-04-26 09:02:37
1650963757742685000,50.1,5,50.1,3,50.2,62,2,2022-04-26 09:02:37
1650963757765022000,50.2,1,50.1,4,50.2,61,1,2022-04-26 09:02:37
1650963757782919000,50.2,1,50.1,4,50.2,60,1,2022-04-26 09:02:37
1650963757943956000,50.1,1,50.1,3,50.2,60,2,2022-04-26 09:02:37
1650963757952563000,50.1,3,50.0,1,50.1,7,2,2022-04-26 09:02:37
1650963758033438000,50.1,1,50.0,1,50.1,6,1,2022-04-26 09:02:38
1650963758074495000,50.1,6,50.0,1,50.2,60,1,2022-04-26 09:02:38
1650963758081547000,50.0,1,49.95,3,50.2,60,2,2022-04-26 09:02:38
1650963758095977000,49.95,1,49.95,4,50.2,70,2,2022-04-26 09:02:38
1650963758111875000,49.95,4,49.95,1,50.2,70,2,2022-04-26 09:02:38
1650963758456289000,50.0,5,49.95,5,50.2,70,2,2022-04-26 09:02:38
1650963758456289000,49.95,1,49.95,5,50.2,70,2,2022-04-26 09:02:38
1650963758489847000,50.0,1,49.95,5,50.2,70,1,2022-04-26 09:02:38
1650963758521973000,49.95,5,49.9,12,50.2,70,2,2022-04-26 09:02:38
1650963758521973000,49.9,1,49.9,12,50.2,70,2,2022-04-26 09:02:38
1650963758547270000,49.9,2,49.9,10,50.2,70,2,2022-04-26 09:02:38
1650963758575450000,49.95,1,49.9,7,50.1,1,2,2022-04-26 09:02:38
1650963758575450000,49.9,3,49.9,7,50.1,1,2,2022-04-26 09:02:38
1650963758614642000,49.9,5,49.9,2,49.95,1,2,2022-04-26 09:02:38
1650963758622876000,49.95,1,49.9,2,50.1,1,1,2022-04-26 09:02:38
1650963758683488000,50.1,1,49.9,4,50.2,70,1,2022-04-26 09:02:38
1650963758772161000,49.95,1,49.95,4,50.2,70,2,2022-04-26 09:02:38
1650963758879022000,50.0,1,49.95,10,50.2,74,1,2022-04-26 09:02:38
1650963759318901000,50.0,2,49.95,14,50.2,74,2,2022-04-26 09:02:39
1650963759318901000,49.95,8,49.95,14,50.2,74,2,2022-04-26 09:02:39
1650963759320053000,50.2,1,49.95,14,50.2,73,1,2022-04-26 09:02:39
1650963759385917000,50.0,20,49.95,15,50.2,73,1,2022-04-26 09:02:39
1650963759419000000,50.1,1,50.0,1,50.2,74,1,2022-04-26 09:02:39
1650963759419000000,50.2,9,50.0,1,50.2,74,1,2022-04-26 09:02:39
1650963759586682000,50.0,1,49.95,15,50.1,1,2,2022-04-26 09:02:39
1650963759601958000,49.95,2,49.95,13,50.1,1,2,2022-04-26 09:02:39
1650963759755273000,49.95,5,49.95,8,50.1,1,2,2022-04-26 09:02:39
1650963759913837000,50.1,1,49.95,8,50.2,74,1,2022-04-26 09:02:39
1650963759919660000,50.2,1,49.95,8,50.2,73,1,2022-04-26 09:02:39
1650963759933476000,50.2,3,49.95,8,50.2,70,1,2022-04-26 09:02:39
1650963760030974000,50.1,1,50.0,3,50.2,71,2,2022-04-26 09:02:40
1650963760030974000,50.0,1,50.0,3,50.2,71,2,2022-04-26 09:02:40
1650963760035036000,50.0,3,49.95,6,50.2,71,2,2022-04-26 09:02:40
1650963760035036000,49.95,2,49.95,6,50.2,71,2,2022-04-26 09:02:40
1650963760043142000,49.95,1,49.95,5,50.2,71,2,2022-04-26 09:02:40
1650963760118188000,50.1,2,49.95,5,50.1,8,1,2022-04-26 09:02:40
1650963760182669000,50.1,1,49.95,5,50.1,8,1,2022-04-26 09:02:40
1650963760243278000,50.1,2,50.0,1,50.1,6,1,2022-04-26 09:02:40
1650963760247192000,50.1,6,50.0,1,50.2,57,1,2022-04-26 09:02:40
1650963760247192000,50.2,14,50.0,1,50.2,57,1,2022-04-26 09:02:40
1650963760951536000,50.0,1,50.0,51,50.1,3,2,2022-04-26 09:02:40
1650963760956604000,50.1,1,50.0,51,50.1,2,1,2022-04-26 09:02:40
1650963760957877000,50.1,1,50.0,51,50.1,1,1,2022-04-26 09:02:40
1650963760979077000,50.1,1,50.0,51,50.2,92,1,2022-04-26 09:02:40
1650963761243789000,50.2,1,50.1,10,50.2,81,1,2022-04-26 09:02:41
1650963761284865000,50.2,1,50.1,10,50.2,81,1,2022-04-26 09:02:41
1650963761407825000,50.1,2,50.1,8,50.2,81,2,2022-04-26 09:02:41
1650963761409067000,50.1,1,50.1,7,50.2,81,2,2022-04-26 09:02:41
1650963761456856000,50.1,7,50.0,51,50.2,74,2,2022-04-26 09:02:41
1650963761472543000,50.2,1,50.0,51,50.2,73,1,2022-04-26 09:02:41
1650963761532210000,50.1,2,50.1,3,50.2,73,1,2022-04-26 09:02:41
1650963761646705000,50.2,2,50.1,3,50.2,72,1,2022-04-26 09:02:41
1650963761683559000,50.1,3,50.0,54,50.2,72,2,2022-04-26 09:02:41
1650963761683559000,50.0,2,50.0,54,50.2,72,2,2022-04-26 09:02:41
1650963761688402000,50.2,5,50.0,54,50.2,67,1,2022-04-26 09:02:41
1650963761723321000,50.2,3,50.0,54,50.2,64,1,2022-04-26 09:02:41
1650963761774227000,50.2,1,50.0,54,50.2,63,1,2022-04-26 09:02:41
1650963761808465000,50.2,5,50.0,54,50.2,58,1,2022-04-26 09:02:41
1650963761834025000,50.2,12,50.1,5,50.2,46,1,2022-04-26 09:02:41
1650963761843834000,50.2,12,50.1,5,50.2,34,1,2022-04-26 09:02:41
1650963761854158000,50.2,12,50.1,5,50.2,22,1,2022-04-26 09:02:41
1650963761857327000,50.1,10,50.0,38,50.2,22,2,2022-04-26 09:02:41
1650963761857327000,50.0,16,50.0,38,50.2,22,2,2022-04-26 09:02:41
1650963761864255000,50.2,22,50.0,38,50.3,5,1,2022-04-26 09:02:41
1650963761917509000,50.1,1,50.0,38,50.1,1,1,2022-04-26 09:02:41
1650963761917579000,50.1,1,50.1,1,50.3,5,1,2022-04-26 09:02:41
1650963761962076000,50.1,1,50.0,34,50.3,5,2,2022-04-26 09:02:41
1650963761962076000,50.0,4,50.0,34,50.3,5,2,2022-04-26 09:02:41
1650963762066984000,50.1,1,50.1,4,50.3,5,2,2022-04-26 09:02:42
1650963762164368000,50.2,1,50.1,8,50.3,5,2,2022-04-26 09:02:42
1650963762164368000,50.1,1,50.1,8,50.3,5,2,2022-04-26 09:02:42
1650963762193441000,50.1,1,50.1,7,50.3,5,2,2022-04-26 09:02:42
1650963762257348000,50.1,1,50.1,6,50.3,5,2,2022-04-26 09:02:42
1650963762361690000,50.1,2,50.1,4,50.3,5,2,2022-04-26 09:02:42
1650963762398933000,50.1,4,50.0,150,50.3,5,2,2022-04-26 09:02:42
1650963762398933000,50.0,6,50.0,150,50.3,5,2,2022-04-26 09:02:42
1650963762548631000,50.2,1,50.0,150,50.1,1,2,2022-04-26 09:02:42
1650963762582083000,50.1,1,50.0,150,50.3,5,1,2022-04-26 09:02:42
1650963762694427000,50.1,5,50.0,150,50.3,6,1,2022-04-26 09:02:42
1650963762993291000,50.1,3,50.0,152,50.3,6,1,2022-04-26 09:02:42
1650963763519641000,50.2,5,50.1,7,50.3,5,2,2022-04-26 09:02:43
1650963763810280000,50.2,1,50.2,1,50.3,5,2,2022-04-26 09:02:43
1650963763884035000,50.2,1,50.1,12,50.3,5,2,2022-04-26 09:02:43
1650963763898443000,50.1,1,50.1,11,50.3,5,2,2022-04-26 09:02:43
1650963763900994000,50.1,1,50.1,10,50.3,5,2,2022-04-26 09:02:43
1650963764114949000,50.2,3,50.1,27,50.3,5,1,2022-04-26 09:02:44
1650963764157486000,50.3,2,50.1,28,50.3,3,1,2022-04-26 09:02:44
1650963764176916000,50.3,3,50.1,28,50.4,12,1,2022-04-26 09:02:44
1650963764437368000,50.2,1,50.1,30,50.4,12,2,2022-04-26 09:02:44
1650963764570567000,50.2,1,50.1,31,50.4,12,1,2022-04-26 09:02:44
1650963764575939000,50.4,10,50.1,31,50.4,2,1,2022-04-26 09:02:44
1650963764681812000,50.2,1,50.1,31,50.4,2,1,2022-04-26 09:02:44
1650963764758451000,50.4,2,50.1,31,50.5,52,1,2022-04-26 09:02:44
1650963764821547000,50.1,15,50.1,16,50.5,52,2,2022-04-26 09:02:44
1650963765026210000,50.1,1,50.1,19,50.3,10,2,2022-04-26 09:02:45
1650963765174329000,50.3,11,50.2,5,50.5,33,1,2022-04-26 09:02:45
1650963765242749000,50.2,5,50.1,15,50.5,33,2,2022-04-26 09:02:45
1650963765242749000,50.1,5,50.1,15,50.5,33,2,2022-04-26 09:02:45
1650963765343188000,50.2,1,50.1,14,50.3,1,2,2022-04-26 09:02:45
1650963765343188000,50.1,2,50.1,14,50.3,1,2,2022-04-26 09:02:45
1650963765632926000,50.3,2,50.2,1,50.5,35,1,2022-04-26 09:02:45
1650963765633676000,50.2,1,50.1,20,50.5,35,2,2022-04-26 09:02:45
1650963765633676000,50.1,9,50.1,20,50.5,35,2,2022-04-26 09:02:45
1650963765859302000,50.3,1,50.1,24,50.4,21,1,2022-04-26 09:02:45
1650963765859302000,50.4,1,50.1,24,50.4,21,1,2022-04-26 09:02:45
1650963766064427000,50.2,2,50.1,24,50.4,21,2,2022-04-26 09:02:46
1650963766067208000,50.4,2,50.1,24,50.4,19,1,2022-04-26 09:02:46
1650963766112610000,50.4,1,50.1,25,50.4,18,1,2022-04-26 09:02:46
1650963766173802000,50.1,1,50.1,24,50.4,18,2,2022-04-26 09:02:46
1650963766331489000,50.2,1,50.1,24,50.4,18,1,2022-04-26 09:02:46
1650963766683527000,50.1,10,50.1,25,50.4,27,2,2022-04-26 09:02:46
1650963767072343000,50.2,1,50.2,3,50.3,4,2,2022-04-26 09:02:47
1650963767305697000,50.3,1,50.2,6,50.3,6,1,2022-04-26 09:02:47
1650963767358901000,50.3,1,50.2,7,50.3,5,1,2022-04-26 09:02:47
1650963767371761000,50.2,5,50.2,2,50.3,5,2,2022-04-26 09:02:47
1650963767529552000,50.3,1,50.2,2,50.3,9,1,2022-04-26 09:02:47
1650963767588630000,50.3,1,50.2,2,50.3,8,1,2022-04-26 09:02:47
1650963767691363000,50.3,1,50.2,2,50.3,17,1,2022-04-26 09:02:47
1650963767701344000,50.2,1,50.2,3,50.3,17,2,2022-04-26 09:02:47
1650963767721457000,50.3,6,50.2,13,50.3,11,1,2022-04-26 09:02:47
1650963767807339000,50.3,1,50.2,13,50.3,10,1,2022-04-26 09:02:47
1650963767871948000,50.2,1,50.2,12,50.3,10,2,2022-04-26 09:02:47
1650963767877281000,50.2,6,50.2,6,50.3,10,2,2022-04-26 09:02:47
1650963767991002000,50.3,2,50.2,6,50.3,8,1,2022-04-26 09:02:47
1650963768139918000,50.3,1,50.2,6,50.3,7,1,2022-04-26 09:02:48
1650963768213619000,50.3,2,50.2,11,50.3,5,1,2022-04-26 09:02:48
1650963768310052000,50.3,3,50.2,12,50.3,2,1,2022-04-26 09:02:48
1650963768312997000,50.2,1,50.2,11,50.3,2,2,2022-04-26 09:02:48
1650963768329773000,50.3,2,50.2,11,50.4,27,1,2022-04-26 09:02:48
1650963768335717000,50.4,1,50.2,11,50.4,26,1,2022-04-26 09:02:48
1650963768346375000,50.4,1,50.2,11,50.4,25,1,2022-04-26 09:02:48
1650963768433853000,50.3,1,50.2,11,50.4,25,1,2022-04-26 09:02:48
1650963768877798000,50.3,2,50.3,3,50.4,26,2,2022-04-26 09:02:48
1650963768914015000,50.3,2,50.3,1,50.4,26,2,2022-04-26 09:02:48
1650963768942368000,50.4,2,50.3,6,50.4,24,1,2022-04-26 09:02:48
1650963769093246000,50.4,2,50.3,6,50.4,23,1,2022-04-26 09:02:49
1650963769124343000,50.4,21,50.3,6,50.4,2,1,2022-04-26 09:02:49
1650963769152179000,50.4,2,50.3,6,50.5,39,1,2022-04-26 09:02:49
1650963769152179000,50.5,16,50.3,6,50.5,39,1,2022-04-26 09:02:49
1650963769212719000,50.3,3,50.3,3,50.5,39,2,2022-04-26 09:02:49
1650963769299843000,50.5,1,50.3,5,50.5,38,1,2022-04-26 09:02:49
1650963769546376000,50.5,38,50.3,5,50.6,12,1,2022-04-26 09:02:49
1650963769546376000,50.6,2,50.3,5,50.6,12,1,2022-04-26 09:02:49
1650963769700830000,50.3,1,50.3,4,50.6,12,2,2022-04-26 09:02:49
1650963769976499000,50.6,12,50.4,3,50.7,1,1,2022-04-26 09:02:49
1650963769976499000,50.7,8,50.4,3,50.7,1,1,2022-04-26 09:02:49
1650963770002483000,50.4,3,50.3,2,50.7,1,2,2022-04-26 09:02:50
1650963770002483000,50.3,2,50.3,2,50.7,1,2,2022-04-26 09:02:50
1650963770191246000,50.6,3,50.4,12,50.7,6,1,2022-04-26 09:02:50
1650963770191246000,50.7,7,50.4,12,50.7,6,1,2022-04-26 09:02:50
1650963770320831000,50.5,4,50.5,2,50.8,14,2,2022-04-26 09:02:50
1650963770645596000,50.6,1,50.5,3,50.6,9,1,2022-04-26 09:02:50
1650963770850183000,50.6,1,50.5,4,50.6,8,1,2022-04-26 09:02:50
1650963771078431000,50.5,2,50.5,5,50.6,8,2,2022-04-26 09:02:51
1650963771091581000,50.5,1,50.5,4,50.6,8,2,2022-04-26 09:02:51
1650963771146541000,50.5,3,50.5,1,50.6,8,2,2022-04-26 09:02:51
1650963771580386000,50.6,5,50.5,2,50.6,3,1,2022-04-26 09:02:51
1650963771778727000,50.5,1,50.5,1,50.6,3,2,2022-04-26 09:02:51
1650963771964488000,50.5,1,50.5,1,50.6,3,2,2022-04-26 09:02:51
1650963772206018000,50.6,2,50.5,1,50.6,1,1,2022-04-26 09:02:52
1650963772389761000,50.6,1,50.5,1,50.6,1,1,2022-04-26 09:02:52
1650963772412973000,50.5,1,50.4,14,50.6,1,2,2022-04-26 09:02:52
1650963772412973000,50.4,4,50.4,14,50.6,1,2,2022-04-26 09:02:52
1650963772434110000,50.6,1,50.4,14,50.7,10,1,2022-04-26 09:02:52
1650963772555163000,50.7,1,50.4,14,50.7,21,1,2022-04-26 09:02:52
1650963772823157000,50.6,2,50.5,1,50.6,5,1,2022-04-26 09:02:52
1650963773170504000,50.6,3,50.5,1,50.6,2,1,2022-04-26 09:02:53
1650963773337837000,50.5,2,50.5,4,50.6,2,2,2022-04-26 09:02:53
1650963773428619000,50.6,2,50.5,7,50.7,21,1,2022-04-26 09:02:53
1650963773428619000,50.7,8,50.5,7,50.7,21,1,2022-04-26 09:02:53
1650963773456546000,50.5,3,50.5,4,50.7,21,2,2022-04-26 09:02:53
1650963773552652000,50.7,1,50.5,4,50.7,20,1,2022-04-26 09:02:53
1650963774412415000,50.6,1,50.5,7,50.6,10,1,2022-04-26 09:02:54
1650963774749819000,50.6,3,50.5,8,50.6,7,1,2022-04-26 09:02:54
1650963774778943000,50.5,3,50.5,5,50.6,7,2,2022-04-26 09:02:54
1650963775205893000,50.6,4,50.5,17,50.6,3,1,2022-04-26 09:02:55
1650963775237488000,50.6,1,50.5,17,50.6,2,1,2022-04-26 09:02:55
1650963775278754000,50.6,2,50.5,19,50.7,21,1,2022-04-26 09:02:55
1650963775391390000,50.7,2,50.5,19,50.7,19,1,2022-04-26 09:02:55
1650963775461124000,50.7,5,50.5,19,50.7,14,1,2022-04-26 09:02:55
1650963775543648000,50.5,15,50.5,5,50.7,14,2,2022-04-26 09:02:55
1650963775717812000,50.6,1,50.5,5,50.6,1,1,2022-04-26 09:02:55
1650963775833100000,50.6,1,50.5,6,50.6,10,1,2022-04-26 09:02:55
1650963775883015000,50.6,1,50.5,6,50.6,9,1,2022-04-26 09:02:55
1650963775929663000,50.6,5,50.5,6,50.6,4,1,2022-04-26 09:02:55
1650963775939869000,50.6,1,50.5,7,50.6,3,1,2022-04-26 09:02:55
1650963775957078000,50.6,3,50.5,7,50.7,14,1,2022-04-26 09:02:55
1650963775984335000,50.6,6,50.5,8,50.6,30,1,2022-04-26 09:02:55
1650963776081941000,50.5,6,50.5,12,50.6,30,2,2022-04-26 09:02:56
1650963776120559000,50.5,2,50.5,10,50.6,30,2,2022-04-26 09:02:56
1650963776338968000,50.6,5,50.5,14,50.6,25,1,2022-04-26 09:02:56
1650963776344551000,50.6,1,50.5,14,50.6,24,1,2022-04-26 09:02:56
1650963776546404000,50.6,5,50.5,15,50.6,21,1,2022-04-26 09:02:56
1650963776701391000,50.6,1,50.5,17,50.6,20,1,2022-04-26 09:02:56
1650963776711245000,50.6,5,50.5,17,50.6,15,1,2022-04-26 09:02:56
1650963776808790000,50.5,1,50.5,20,50.6,15,2,2022-04-26 09:02:56
1650963776843283000,50.5,2,50.5,18,50.6,15,2,2022-04-26 09:02:56
1650963776932450000,50.5,1,50.5,21,50.6,15,2,2022-04-26 09:02:56
1650963776962908000,50.6,1,50.5,21,50.6,14,1,2022-04-26 09:02:56
1650963777017735000,50.6,2,50.5,21,50.6,12,1,2022-04-26 09:02:57
1650963777020055000,50.6,2,50.5,21,50.6,10,1,2022-04-26 09:02:57
1650963777034237000,50.6,1,50.5,21,50.6,9,1,2022-04-26 09:02:57
1650963777150313000,50.5,1,50.5,22,50.6,9,2,2022-04-26 09:02:57
1650963777172213000,50.6,1,50.5,23,50.6,8,1,2022-04-26 09:02:57
1650963777176113000,50.6,2,50.5,23,50.6,7,1,2022-04-26 09:02:57
1650963777482826000,50.6,1,50.5,30,50.6,6,1,2022-04-26 09:02:57
1650963777483405000,50.6,1,50.5,30,50.6,5,1,2022-04-26 09:02:57
1650963777634321000,50.6,4,50.5,35,50.6,1,1,2022-04-26 09:02:57
1650963777669685000,50.6,1,50.5,36,50.6,2,1,2022-04-26 09:02:57
1650963777978188000,50.6,1,50.5,54,50.6,1,1,2022-04-26 09:02:57
1650963777989749000,50.6,1,50.5,54,50.7,16,1,2022-04-26 09:02:57
1650963777998062000,50.5,47,50.5,7,50.7,16,2,2022-04-26 09:02:57
1650963778400482000,50.6,1,50.5,7,50.6,11,1,2022-04-26 09:02:58
1650963778607273000,50.6,1,50.5,11,50.6,19,1,2022-04-26 09:02:58
1650963778620896000,50.6,1,50.5,11,50.6,18,1,2022-04-26 09:02:58
1650963778652102000,50.6,2,50.5,11,50.6,16,1,2022-04-26 09:02:58
1650963778835335000,50.6,5,50.5,11,50.6,13,1,2022-04-26 09:02:58
1650963778872304000,50.6,1,50.5,11,50.6,12,1,2022-04-26 09:02:58
1650963778894827000,50.6,1,50.5,11,50.6,11,1,2022-04-26 09:02:58
1650963778914693000,50.6,1,50.5,11,50.6,10,1,2022-04-26 09:02:58
1650963779011563000,50.6,1,50.5,11,50.6,9,1,2022-04-26 09:02:59
1650963779038882000,50.5,1,50.5,10,50.6,9,2,2022-04-26 09:02:59
1650963779332091000,50.5,1,50.5,12,50.6,11,2,2022-04-26 09:02:59
1650963779360008000,50.6,1,50.5,12,50.6,10,1,2022-04-26 09:02:59
1650963779381078000,50.6,2,50.5,12,50.6,8,1,2022-04-26 09:02:59
1650963779425877000,50.6,1,50.5,13,50.6,7,1,2022-04-26 09:02:59
1650963779654639000,50.6,1,50.5,16,50.6,7,1,2022-04-26 09:02:59
1650963779683546000,50.6,1,50.5,16,50.6,6,1,2022-04-26 09:02:59
1650963780307524000,50.6,1,50.5,19,50.6,20,1,2022-04-26 09:03:00
1650963780503187000,50.6,1,50.5,20,50.6,22,1,2022-04-26 09:03:00
1650963780729658000,50.5,4,50.5,18,50.6,23,2,2022-04-26 09:03:00
1650963780756302000,50.5,1,50.5,17,50.6,23,2,2022-04-26 09:03:00
1650963780769520000,50.5,14,50.5,3,50.6,23,2,2022-04-26 09:03:00
1650963781257414000,50.5,3,50.5,15,50.6,30,2,2022-04-26 09:03:01
1650963781290066000,50.5,15,50.5,5,50.6,30,2,2022-04-26 09:03:01
1650963781324809000,50.5,5,50.5,2,50.6,30,2,2022-04-26 09:03:01
1650963781324830000,50.5,1,50.5,1,50.6,30,2,2022-04-26 09:03:01
1650963781324977000,50.5,1,50.4,12,50.6,30,2,2022-04-26 09:03:01
1650963781352173000,50.5,1,50.4,12,50.5,4,2,2022-04-26 09:03:01
1650963781480290000,50.5,1,50.4,12,50.5,7,1,2022-04-26 09:03:01
1650963781489857000,50.5,2,50.4,12,50.5,5,1,2022-04-26 09:03:01
1650963781520016000,50.5,2,50.4,12,50.5,3,1,2022-04-26 09:03:01
1650963781534007000,50.5,3,50.4,12,50.6,28,1,2022-04-26 09:03:01
1650963781534007000,50.6,2,50.4,12,50.6,28,1,2022-04-26 09:03:01
1650963781599834000,50.5,2,50.5,20,50.6,64,2,2022-04-26 09:03:01
1650963781600265000,50.5,2,50.5,18,50.6,64,2,2022-04-26 09:03:01
1650963781635618000,50.5,18,50.4,12,50.5,18,2,2022-04-26 09:03:01
1650963781762450000,50.4,1,50.4,12,50.5,23,2,2022-04-26 09:03:01
1650963781776366000,50.5,3,50.4,12,50.5,20,1,2022-04-26 09:03:01
1650963781879197000,50.5,1,50.4,12,50.5,23,1,2022-04-26 09:03:01
1650963781922976000,50.5,1,50.4,12,50.5,22,1,2022-04-26 09:03:01
1650963781924893000,50.5,15,50.4,12,50.5,7,1,2022-04-26 09:03:01
1650963781956630000,50.5,7,50.4,12,50.6,71,1,2022-04-26 09:03:01
1650963782077979000,50.5,1,50.5,9,50.6,71,2,2022-04-26 09:03:02
1650963782119696000,50.5,1,50.5,8,50.6,71,2,2022-04-26 09:03:02
1650963782120852000,50.5,5,50.5,3,50.6,71,2,2022-04-26 09:03:02
1650963782146404000,50.5,3,50.4,12,50.6,76,2,2022-04-26 09:03:02
1650963782261405000,50.4,4,50.4,8,50.6,76,2,2022-04-26 09:03:02
1650963782406910000,50.4,1,50.4,7,50.5,1,2,2022-04-26 09:03:02
1650963782492549000,50.5,1,50.5,2,50.6,76,1,2022-04-26 09:03:02
1650963782526979000,50.5,2,50.4,7,50.6,76,2,2022-04-26 09:03:02
1650963782584461000,50.5,1,50.4,7,50.6,76,2,2022-04-26 09:03:02
1650963782667857000,50.6,8,50.5,1,50.6,69,1,2022-04-26 09:03:02
1650963782697591000,50.5,1,50.4,7,50.6,69,2,2022-04-26 09:03:02
1650963782724462000,50.6,2,50.4,7,50.6,67,1,2022-04-26 09:03:02
1650963782770492000,50.4,3,50.4,4,50.5,20,2,2022-04-26 09:03:02
1650963782816213000,50.5,1,50.4,4,50.5,19,1,2022-04-26 09:03:02
1650963782875249000,50.5,1,50.4,5,50.5,18,1,2022-04-26 09:03:02
1650963782895602000,50.4,5,50.3,31,50.4,13,2,2022-04-26 09:03:02
1650963783003067000,50.4,2,50.3,31,50.4,16,1,2022-04-26 09:03:03
1650963783038317000,50.4,1,50.3,31,50.4,15,1,2022-04-26 09:03:03
1650963783195970000,50.4,1,50.3,31,50.4,14,1,2022-04-26 09:03:03
1650963783280338000,50.4,3,50.3,31,50.4,11,1,2022-04-26 09:03:03
1650963783370591000,50.3,1,50.3,30,50.4,11,2,2022-04-26 09:03:03
1650963783488122000,50.4,1,50.3,31,50.4,10,1,2022-04-26 09:03:03
1650963783590632000,50.4,1,50.3,31,50.4,9,1,2022-04-26 09:03:03
1650963783601072000,50.4,2,50.3,31,50.4,7,1,2022-04-26 09:03:03
1650963783659947000,50.3,31,50.2,12,50.4,17,2,2022-04-26 09:03:03
1650963783659947000,50.2,19,50.2,12,50.4,17,2,2022-04-26 09:03:03
1650963783717760000,50.4,1,50.2,12,50.4,16,1,2022-04-26 09:03:03
1650963783832227000,50.3,1,50.2,16,50.3,9,1,2022-04-26 09:03:03
1650963783836321000,50.3,1,50.2,16,50.3,8,1,2022-04-26 09:03:03
1650963783880249000,50.2,1,50.2,15,50.3,8,2,2022-04-26 09:03:03
1650963783930938000,50.3,1,50.2,15,50.3,7,1,2022-04-26 09:03:03
1650963783979122000,50.2,3,50.2,12,50.3,7,2,2022-04-26 09:03:03
1650963783997886000,50.2,2,50.2,10,50.3,7,2,2022-04-26 09:03:03
1650963784196224000,50.3,3,50.2,11,50.3,9,1,2022-04-26 09:03:04
1650963784206057000,50.3,1,50.2,11,50.3,8,1,2022-04-26 09:03:04
1650963784222814000,50.3,4,50.2,11,50.3,4,1,2022-04-26 09:03:04
1650963784258922000,50.3,1,50.2,11,50.3,7,1,2022-04-26 09:03:04
1650963784359385000,50.3,1,50.2,11,50.3,6,1,2022-04-26 09:03:04
1650963784438284000,50.3,1,50.2,11,50.3,14,1,2022-04-26 09:03:04
1650963784442497000,50.3,1,50.2,11,50.3,13,1,2022-04-26 09:03:04
1650963784469679000,50.2,10,50.2,1,50.3,13,2,2022-04-26 09:03:04
1650963784478963000,50.3,1,50.2,1,50.3,12,1,2022-04-26 09:03:04
1650963784565234000,50.3,10,50.2,1,50.3,22,1,2022-04-26 09:03:04
1650963784610175000,50.3,1,50.2,1,50.3,26,1,2022-04-26 09:03:04
1650963784903621000,50.2,1,50.1,94,50.2,4,2,2022-04-26 09:03:04
1650963785021583000,50.1,1,50.1,93,50.2,4,2,2022-04-26 09:03:05
1650963785065336000,50.1,1,50.1,93,50.2,4,2,2022-04-26 09:03:05
1650963785066818000,50.1,1,50.1,92,50.2,4,2,2022-04-26 09:03:05
1650963785261282000,50.2,1,50.1,92,50.2,7,1,2022-04-26 09:03:05
1650963785464476000,50.1,1,50.1,91,50.2,10,2,2022-04-26 09:03:05
1650963785789971000,50.2,10,50.1,91,50.2,9,1,2022-04-26 09:03:05
1650963785801435000,50.2,3,50.1,91,50.2,6,1,2022-04-26 09:03:05
1650963785859052000,50.1,5,50.1,86,50.2,6,2,2022-04-26 09:03:05
1650963786013732000,50.1,1,50.1,85,50.2,7,2,2022-04-26 09:03:06
1650963786123996000,50.1,3,50.1,82,50.2,7,2,2022-04-26 09:03:06
1650963786187538000,50.1,1,50.1,81,50.2,7,2,2022-04-26 09:03:06
1650963786191287000,50.2,1,50.1,81,50.2,6,1,2022-04-26 09:03:06
1650963786233290000,50.2,3,50.1,81,50.2,3,1,2022-04-26 09:03:06
1650963786238904000,50.1,1,50.1,80,50.2,3,2,2022-04-26 09:03:06
1650963786269697000,50.1,1,50.1,79,50.2,3,2,2022-04-26 09:03:06
1650963786306702000,50.1,5,50.1,74,50.2,3,2,2022-04-26 09:03:06
1650963786354699000,50.2,1,50.1,73,50.2,2,1,2022-04-26 09:03:06
1650963786362872000,50.2,1,50.1,73,50.2,1,1,2022-04-26 09:03:06
1650963786403298000,50.2,1,50.1,73,50.3,32,1,2022-04-26 09:03:06
1650963786403298000,50.3,1,50.1,73,50.3,32,1,2022-04-26 09:03:06
1650963786437816000,50.3,2,50.1,73,50.3,30,1,2022-04-26 09:03:06
1650963786458845000,50.1,2,50.1,71,50.3,30,2,2022-04-26 09:03:06
1650963786582552000,50.3,2,50.1,71,50.3,28,1,2022-04-26 09:03:06
1650963786593903000,50.1,12,50.1,59,50.3,28,2,2022-04-26 09:03:06
1650963786832213000,50.3,1,50.1,59,50.3,27,1,2022-04-26 09:03:06
1650963786860542000,50.2,2,50.1,59,50.3,24,1,2022-04-26 09:03:06
1650963786860542000,50.3,3,50.1,59,50.3,24,1,2022-04-26 09:03:06
1650963787040037000,50.3,1,50.1,59,50.3,13,1,2022-04-26 09:03:07
1650963787056367000,50.1,4,50.1,55,50.3,13,2,2022-04-26 09:03:07
1650963787115320000,50.3,3,50.1,55,50.3,10,1,2022-04-26 09:03:07
1650963787237130000,50.1,1,50.1,54,50.3,10,2,2022-04-26 09:03:07
1650963787329529000,50.2,5,50.2,13,50.3,10,2,2022-04-26 09:03:07
1650963787352057000,50.2,13,50.1,54,50.3,10,2,2022-04-26 09:03:07
1650963787365892000,50.1,1,50.1,53,50.3,10,2,2022-04-26 09:03:07
1650963787398463000,50.2,1,50.2,1,50.3,10,1,2022-04-26 09:03:07
1650963787493818000,50.2,1,50.1,34,50.3,10,2,2022-04-26 09:03:07
1650963787493818000,50.1,19,50.1,34,50.3,10,2,2022-04-26 09:03:07
1650963787798914000,50.2,1,50.1,34,50.2,3,1,2022-04-26 09:03:07
1650963788142480000,50.2,2,50.1,35,50.2,1,1,2022-04-26 09:03:08
1650963788174660000,50.2,1,50.1,35,50.3,2,1,2022-04-26 09:03:08
1650963788392008000,50.1,1,50.1,36,50.3,4,2,2022-04-26 09:03:08
1650963789081276000,50.2,4,50.2,26,50.3,7,1,2022-04-26 09:03:09
1650963789202493000,50.2,1,50.2,25,50.3,6,2,2022-04-26 09:03:09
1650963789610814000,50.2,1,50.2,30,50.3,7,2,2022-04-26 09:03:09
1650963789813681000,50.3,1,50.2,30,50.3,8,1,2022-04-26 09:03:09
1650963789973172000,50.3,1,50.2,30,50.3,7,1,2022-04-26 09:03:09
1650963790106872000,50.2,1,50.2,29,50.3,7,2,2022-04-26 09:03:10
1650963790157154000,50.2,1,50.2,28,50.3,7,2,2022-04-26 09:03:10
1650963790318748000,50.3,1,50.2,29,50.3,8,1,2022-04-26 09:03:10
1650963790332415000,50.2,3,50.2,46,50.3,8,2,2022-04-26 09:03:10
1650963790359834000,50.3,8,50.2,46,50.4,19,1,2022-04-26 09:03:10
1650963790570042000,50.2,1,50.2,58,50.4,14,2,2022-04-26 09:03:10
1650963790903625000,50.2,1,50.2,57,50.4,14,2,2022-04-26 09:03:10
1650963790944707000,50.2,10,50.2,47,50.4,14,2,2022-04-26 09:03:10
1650963791096517000,50.3,7,50.2,67,50.3,3,1,2022-04-26 09:03:11
1650963791292774000,50.3,3,50.3,2,50.4,14,1,2022-04-26 09:03:11
1650963791440903000,50.3,2,50.2,67,50.4,14,2,2022-04-26 09:03:11
1650963791440903000,50.2,1,50.2,67,50.4,14,2,2022-04-26 09:03:11
1650963791542830000,50.2,1,50.2,66,50.4,14,2,2022-04-26 09:03:11
1650963791549128000,50.4,1,50.2,66,50.4,13,1,2022-04-26 09:03:11
1650963791802788000,50.3,1,50.2,66,50.3,2,1,2022-04-26 09:03:11
1650963791859633000,50.3,1,50.2,66,50.3,1,1,2022-04-26 09:03:11
1650963792555920000,50.2,1,50.2,72,50.3,1,2,2022-04-26 09:03:12
1650963792655156000,50.3,1,50.2,72,50.4,21,1,2022-04-26 09:03:12
1650963792655156000,50.4,2,50.2,72,50.4,21,1,2022-04-26 09:03:12
1650963793167194000,50.3,1,50.2,79,50.4,21,2,2022-04-26 09:03:13
1650963793199944000,50.4,2,50.2,79,50.4,19,1,2022-04-26 09:03:13
1650963793244488000,50.4,1,50.2,79,50.4,19,1,2022-04-26 09:03:13
1650963793288656000,50.2,1,50.2,78,50.4,19,2,2022-04-26 09:03:13
1650963793546616000,50.4,8,50.2,92,50.4,11,1,2022-04-26 09:03:13
1650963793586835000,50.3,1,50.3,26,50.4,11,2,2022-04-26 09:03:13
1650963794304549000,50.3,1,50.3,32,50.4,12,2,2022-04-26 09:03:14
1650963794359475000,50.4,1,50.3,32,50.4,11,1,2022-04-26 09:03:14
1650963794638361000,50.4,1,50.3,32,50.4,13,1,2022-04-26 09:03:14
1650963794854137000,50.3,32,50.2,110,50.3,68,2,2022-04-26 09:03:14
1650963794960729000,50.2,3,50.2,107,50.3,68,2,2022-04-26 09:03:14
1650963795034958000,50.3,1,50.2,107,50.3,67,1,2022-04-26 09:03:15
1650963795101443000,50.3,5,50.2,107,50.3,62,1,2022-04-26 09:03:15
1650963795295160000,50.3,2,50.2,107,50.3,61,1,2022-04-26 09:03:15
1650963795329442000,50.3,10,50.2,107,50.3,51,1,2022-04-26 09:03:15
1650963795625460000,50.3,1,50.2,112,50.3,50,1,2022-04-26 09:03:15
1650963795870541000,50.3,2,50.2,114,50.3,48,1,2022-04-26 09:03:15
1650963795905857000,50.3,4,50.2,114,50.3,44,1,2022-04-26 09:03:15
1650963795906571000,50.3,26,50.2,114,50.3,18,1,2022-04-26 09:03:15
1650963795993754000,50.3,18,50.2,114,50.4,17,1,2022-04-26 09:03:15
1650963796484349000,50.3,1,50.3,4,50.4,17,1,2022-04-26 09:03:16
1650963796487789000,50.3,1,50.3,3,50.4,17,2,2022-04-26 09:03:16
1650963797269542000,50.3,6,50.2,104,50.3,1,2,2022-04-26 09:03:17
1650963797482475000,50.3,5,50.2,104,50.3,24,1,2022-04-26 09:03:17
1650963797523162000,50.3,1,50.2,104,50.3,24,1,2022-04-26 09:03:17
1650963797540291000,50.2,1,50.2,103,50.3,24,2,2022-04-26 09:03:17
1650963797631932000,50.2,20,50.2,83,50.3,24,2,2022-04-26 09:03:17
1650963797834917000,50.2,10,50.2,73,50.3,25,2,2022-04-26 09:03:17
1650963797873139000,50.3,1,50.2,73,50.3,24,1,2022-04-26 09:03:17
1650963797896397000,50.3,2,50.2,73,50.3,22,1,2022-04-26 09:03:17
1650963797909582000,50.3,1,50.2,73,50.3,21,1,2022-04-26 09:03:17
1650963797910534000,50.3,1,50.2,73,50.3,20,1,2022-04-26 09:03:17
1650963797945968000,50.3,3,50.2,73,50.3,17,1,2022-04-26 09:03:17
1650963798203522000,50.3,10,50.2,73,50.3,8,1,2022-04-26 09:03:18
1650963798225015000,50.3,8,50.2,73,50.4,4,1,2022-04-26 09:03:18
1650963798225015000,50.4,7,50.2,73,50.4,4,1,2022-04-26 09:03:18
1650963798470306000,50.3,1,50.2,74,50.4,4,2,2022-04-26 09:03:18
1650963798707813000,50.3,3,50.3,3,50.4,10,2,2022-04-26 09:03:18
1650963798831734000,50.3,5,50.2,74,50.3,5,2,2022-04-26 09:03:18
1650963798899203000,50.2,5,50.2,69,50.3,5,2,2022-04-26 09:03:18
1650963798911010000,50.3,1,50.2,89,50.3,4,1,2022-04-26 09:03:18
1650963799262955000,50.3,1,50.2,97,50.3,4,1,2022-04-26 09:03:19
1650963799431846000,50.2,8,50.2,89,50.3,4,2,2022-04-26 09:03:19
1650963799621585000,50.3,1,50.2,89,50.3,3,1,2022-04-26 09:03:19
1650963799730226000,50.3,1,50.2,89,50.3,2,1,2022-04-26 09:03:19
1650963799993423000,50.2,1,50.2,88,50.3,5,2,2022-04-26 09:03:19
1650963800136530000,50.3,1,50.2,88,50.3,4,1,2022-04-26 09:03:20
1650963800477286000,50.3,1,50.2,140,50.3,12,1,2022-04-26 09:03:20
1650963800478421000,50.3,3,50.2,140,50.3,9,1,2022-04-26 09:03:20
1650963800528458000,50.3,1,50.2,140,50.3,8,1,2022-04-26 09:03:20
1650963800660043000,50.3,5,50.2,140,50.3,3,1,2022-04-26 09:03:20
1650963800744766000,50.3,1,50.2,142,50.3,2,1,2022-04-26 09:03:20
1650963800838099000,50.3,1,50.2,142,50.3,1,1,2022-04-26 09:03:20
1650963800843316000,50.3,1,50.3,2,50.4,22,1,2022-04-26 09:03:20
1650963801004858000,50.3,1,50.3,4,50.4,22,2,2022-04-26 09:03:21
1650963801085429000,50.3,4,50.2,142,50.4,22,2,2022-04-26 09:03:21
1650963801906485000,50.4,20,50.3,31,50.4,5,1,2022-04-26 09:03:21
1650963801935065000,50.4,5,50.3,31,50.5,49,1,2022-04-26 09:03:21
1650963802131086000,50.3,1,50.3,32,50.5,49,2,2022-04-26 09:03:22
1650963802542236000,50.3,1,50.3,41,50.4,1,2,2022-04-26 09:03:22
1650963802793448000,50.3,1,50.3,45,50.4,1,2,2022-04-26 09:03:22
1650963803001434000,50.3,3,50.3,42,50.4,3,2,2022-04-26 09:03:23
1650963803455035000,50.3,1,50.3,150,50.4,3,2,2022-04-26 09:03:23
1650963803587610000,50.3,1,50.3,149,50.4,3,2,2022-04-26 09:03:23
1650963803623969000,50.3,2,50.3,147,50.4,3,2,2022-04-26 09:03:23
1650963803868763000,50.3,1,50.3,156,50.4,3,2,2022-04-26 09:03:23
1650963804135011000,50.4,3,50.4,2,50.5,49,1,2022-04-26 09:03:24
1650963804222992000,50.4,1,50.4,1,50.5,49,2,2022-04-26 09:03:24
1650963804399749000,50.4,1,50.3,161,50.5,49,2,2022-04-26 09:03:24
1650963804832200000,50.4,2,50.4,29,50.5,51,2,2022-04-26 09:03:24
1650963804929180000,50.4,1,50.4,28,50.5,51,2,2022-04-26 09:03:24
1650963805504275000,50.4,10,50.4,29,50.5,51,2,2022-04-26 09:03:25
1650963805676077000,50.4,4,50.4,25,50.5,51,2,2022-04-26 09:03:25
1650963806266250000,50.5,1,50.4,65,50.5,52,1,2022-04-26 09:03:26
1650963806409683000,50.4,1,50.4,64,50.5,52,2,2022-04-26 09:03:26
1650963806781170000,50.4,2,50.4,62,50.5,52,2,2022-04-26 09:03:26
1650963806787361000,50.5,1,50.4,62,50.5,51,1,2022-04-26 09:03:26
1650963806921549000,50.4,2,50.4,69,50.5,51,2,2022-04-26 09:03:26
1650963806970740000,50.5,1,50.4,59,50.5,51,1,2022-04-26 09:03:26
1650963807021230000,50.4,1,50.4,58,50.5,50,2,2022-04-26 09:03:27
1650963807294805000,50.4,20,50.4,38,50.5,50,2,2022-04-26 09:03:27
1650963807380119000,50.5,2,50.4,38,50.5,48,1,2022-04-26 09:03:27
1650963807870912000,50.4,1,50.4,38,50.5,48,2,2022-04-26 09:03:27
1650963808256334000,50.4,1,50.4,37,50.5,48,2,2022-04-26 09:03:28
1650963808494037000,50.5,1,50.4,37,50.5,47,1,2022-04-26 09:03:28
1650963808895232000,50.5,1,50.4,38,50.5,46,1,2022-04-26 09:03:28
1650963809461210000,50.4,2,50.4,97,50.5,47,2,2022-04-26 09:03:29
1650963809496455000,50.4,1,50.4,96,50.5,47,2,2022-04-26 09:03:29
1650963809675017000,50.5,2,50.4,100,50.5,45,1,2022-04-26 09:03:29
1650963809969417000,50.4,3,50.4,99,50.5,45,2,2022-04-26 09:03:29
1650963810276150000,50.5,1,50.4,99,50.5,46,1,2022-04-26 09:03:30
1650963810377331000,50.4,2,50.4,97,50.5,46,2,2022-04-26 09:03:30
1650963810490681000,50.5,2,50.4,97,50.5,44,1,2022-04-26 09:03:30
1650963810591334000,50.5,10,50.4,97,50.5,34,1,2022-04-26 09:03:30
1650963810779974000,50.4,100,50.3,77,50.5,34,2,2022-04-26 09:03:30
1650963810779974000,50.3,100,50.3,77,50.5,34,2,2022-04-26 09:03:30
1650963810821863000,50.4,1,50.3,77,50.5,34,2,2022-04-26 09:03:30
1650963811221234000,50.4,2,50.3,77,50.5,28,1,2022-04-26 09:03:31
1650963811221234000,50.5,8,50.3,77,50.5,28,1,2022-04-26 09:03:31
1650963811314780000,50.4,2,50.3,77,50.4,3,2,2022-04-26 09:03:31
1650963811429979000,50.3,1,50.3,76,50.4,3,2,2022-04-26 09:03:31
1650963811437110000,50.4,3,50.4,2,50.5,31,1,2022-04-26 09:03:31
1650963811741719000,50.5,1,50.4,2,50.5,37,1,2022-04-26 09:03:31
1650963811827263000,50.5,1,50.4,2,50.5,36,1,2022-04-26 09:03:31
1650963811836850000,50.4,2,50.3,66,50.5,36,2,2022-04-26 09:03:31
1650963811836850000,50.3,13,50.3,66,50.5,36,2,2022-04-26 09:03:31
1650963812305926000,50.4,1,50.3,76,50.4,21,1,2022-04-26 09:03:32
1650963812324503000,50.4,1,50.3,76,50.4,20,1,2022-04-26 09:03:32
1650963812339987000,50.4,2,50.3,76,50.4,18,1,2022-04-26 09:03:32
1650963812769950000,50.4,1,50.3,76,50.4,27,1,2022-04-26 09:03:32
1650963812976625000,50.4,2,50.3,76,50.4,25,1,2022-04-26 09:03:32
1650963813585373000,50.3,2,50.3,84,50.4,38,2,2022-04-26 09:03:33
1650963813679032000,50.4,5,50.3,84,50.4,33,1,2022-04-26 09:03:33
1650963814021825000,50.3,5,50.3,79,50.4,34,2,2022-04-26 09:03:34
1650963814308055000,50.3,1,50.3,78,50.4,37,2,2022-04-26 09:03:34
1650963814437346000,50.3,1,50.3,77,50.4,41,2,2022-04-26 09:03:34
1650963814515958000,50.3,1,50.3,76,50.4,41,2,2022-04-26 09:03:34
1650963814644285000,50.3,14,50.3,63,50.4,42,2,2022-04-26 09:03:34
1650963814755124000,50.3,1,50.3,62,50.4,43,2,2022-04-26 09:03:34
1650963815024458000,50.3,2,50.3,62,50.4,44,2,2022-04-26 09:03:35
1650963815182629000,50.4,1,50.3,62,50.4,43,1,2022-04-26 09:03:35
1650963815200253000,50.3,25,50.3,37,50.4,43,2,2022-04-26 09:03:35
1650963815421955000,50.3,5,50.3,33,50.4,43,2,2022-04-26 09:03:35
1650963815844190000,50.3,2,50.3,34,50.4,43,2,2022-04-26 09:03:35
1650963816072565000,50.3,5,50.3,30,50.4,43,2,2022-04-26 09:03:36
1650963816206926000,50.3,2,50.3,28,50.4,43,2,2022-04-26 09:03:36
1650963816233600000,50.3,2,50.3,26,50.4,43,2,2022-04-26 09:03:36
1650963816277807000,50.3,5,50.3,21,50.4,43,2,2022-04-26 09:03:36
1650963816315033000,50.3,5,50.3,32,50.4,43,2,2022-04-26 09:03:36
1650963816361723000,50.3,1,50.3,31,50.4,43,2,2022-04-26 09:03:36
1650963816525740000,50.3,4,50.3,27,50.4,44,2,2022-04-26 09:03:36
1650963816581964000,50.3,27,50.2,101,50.3,38,2,2022-04-26 09:03:36
1650963816890111000,50.2,1,50.2,100,50.3,40,2,2022-04-26 09:03:36
1650963816965579000,50.3,1,50.2,100,50.3,39,1,2022-04-26 09:03:36
1650963817047653000,50.2,1,50.2,100,50.3,40,2,2022-04-26 09:03:37
1650963817354605000,50.3,1,50.2,100,50.3,68,1,2022-04-26 09:03:37
1650963817422535000,50.2,1,50.2,99,50.3,68,2,2022-04-26 09:03:37
1650963817476737000,50.3,1,50.2,99,50.3,67,1,2022-04-26 09:03:37
1650963817519764000,50.2,5,50.2,94,50.3,67,2,2022-04-26 09:03:37
1650963817574086000,50.2,1,50.2,95,50.3,73,2,2022-04-26 09:03:37
1650963817853062000,50.2,2,50.2,93,50.3,73,2,2022-04-26 09:03:37
1650963817925829000,50.2,2,50.2,91,50.3,74,2,2022-04-26 09:03:37
1650963817961315000,50.2,1,50.2,90,50.3,75,2,2022-04-26 09:03:37
1650963818012759000,50.2,24,50.2,66,50.3,79,2,2022-04-26 09:03:38
1650963818052201000,50.2,54,50.2,12,50.3,79,2,2022-04-26 09:03:38
1650963818053267000,50.2,12,50.1,134,50.3,79,2,2022-04-26 09:03:38
1650963818164513000,50.1,3,50.1,131,50.2,5,2,2022-04-26 09:03:38
1650963818210500000,50.1,2,50.1,129,50.2,5,2,2022-04-26 09:03:38
1650963818282555000,50.2,1,50.1,129,50.2,4,1,2022-04-26 09:03:38
1650963818431284000,50.2,1,50.1,129,50.2,27,1,2022-04-26 09:03:38
1650963818542875000,50.1,5,50.1,124,50.2,27,2,2022-04-26 09:03:38
1650963818603398000,50.1,3,50.1,121,50.2,27,2,2022-04-26 09:03:38
1650963818660014000,50.2,1,50.1,121,50.2,31,1,2022-04-26 09:03:38
1650963818762340000,50.1,64,50.1,57,50.2,43,2,2022-04-26 09:03:38
1650963818787875000,50.1,1,50.1,56,50.2,43,2,2022-04-26 09:03:38
1650963818788159000,50.1,44,50.1,12,50.2,43,2,2022-04-26 09:03:38
1650963818788593000,50.1,12,50.0,401,50.2,43,2,2022-04-26 09:03:38
1650963818872737000,50.1,1,50.0,403,50.2,43,1,2022-04-26 09:03:38
1650963818872737000,50.2,1,50.0,403,50.2,43,1,2022-04-26 09:03:38
1650963819140215000,50.0,1,50.0,402,50.2,46,2,2022-04-26 09:03:39
1650963819174072000,50.2,2,50.0,402,50.2,44,1,2022-04-26 09:03:39
1650963819303116000,50.1,2,50.0,402,50.1,22,1,2022-04-26 09:03:39
1650963819343369000,50.1,1,50.0,402,50.1,21,1,2022-04-26 09:03:39
1650963819566934000,50.0,10,50.0,394,50.1,21,2,2022-04-26 09:03:39
1650963819568249000,50.0,3,50.0,391,50.1,21,2,2022-04-26 09:03:39
1650963819607411000,50.0,24,50.0,367,50.1,21,2,2022-04-26 09:03:39
1650963819619571000,50.1,1,50.0,367,50.1,20,1,2022-04-26 09:03:39
1650963819731075000,50.0,5,50.0,362,50.1,21,2,2022-04-26 09:03:39
1650963819741659000,50.1,1,50.0,362,50.1,20,1,2022-04-26 09:03:39
1650963820006550000,50.0,5,50.0,357,50.1,28,2,2022-04-26 09:03:40
1650963820075076000,50.1,1,50.0,356,50.1,27,1,2022-04-26 09:03:40
1650963820154906000,50.0,3,50.0,353,50.1,27,2,2022-04-26 09:03:40
1650963820374111000,50.0,356,49.85,168,49.9,26,2,2022-04-26 09:03:40
1650963820374111000,49.95,46,49.85,168,49.9,26,2,2022-04-26 09:03:40
1650963820374111000,49.9,70,49.85,168,49.9,26,2,2022-04-26 09:03:40
1650963820391328000,49.85,1,49.85,167,49.9,416,2,2022-04-26 09:03:40
1650963820391659000,49.85,4,49.85,163,49.9,416,2,2022-04-26 09:03:40
1650963820399184000,49.85,1,49.85,162,49.9,416,2,2022-04-26 09:03:40
1650963820403826000,49.85,25,49.85,137,49.9,416,2,2022-04-26 09:03:40
1650963820406960000,49.9,1,49.85,137,49.9,415,1,2022-04-26 09:03:40
1650963820408774000,49.85,1,49.85,136,49.9,415,2,2022-04-26 09:03:40
1650963820413432000,49.85,5,49.85,131,49.9,415,2,2022-04-26 09:03:40
1650963820424063000,49.85,63,49.85,68,49.9,423,2,2022-04-26 09:03:40
1650963820430023000,49.9,1,49.85,68,49.9,422,1,2022-04-26 09:03:40
1650963820432350000,49.85,1,49.85,67,49.9,422,2,2022-04-26 09:03:40
1650963820434391000,49.85,27,49.85,40,49.9,422,2,2022-04-26 09:03:40
1650963820456221000,49.85,1,49.85,39,49.9,422,2,2022-04-26 09:03:40
1650963820465616000,49.85,1,49.85,38,49.9,422,2,2022-04-26 09:03:40
1650963820466552000,49.85,32,49.85,6,49.9,422,2,2022-04-26 09:03:40
1650963820471146000,49.85,3,49.85,3,49.9,422,2,2022-04-26 09:03:40
1650963820473795000,49.85,1,49.85,2,49.9,422,2,2022-04-26 09:03:40
1650963820475890000,49.85,1,49.85,1,49.9,422,2,2022-04-26 09:03:40
1650963820501122000,49.85,1,49.8,21,49.9,422,2,2022-04-26 09:03:40
1650963820501122000,49.8,2,49.8,21,49.9,422,2,2022-04-26 09:03:40
1650963820520769000,49.8,3,49.8,18,49.9,432,2,2022-04-26 09:03:40
1650963820560751000,49.8,4,49.8,14,49.9,432,2,2022-04-26 09:03:40
1650963820603262000,49.9,1,49.8,14,49.9,431,1,2022-04-26 09:03:40
1650963820613068000,49.8,2,49.8,12,49.9,431,2,2022-04-26 09:03:40
1650963820632109000,49.8,1,49.8,11,49.9,431,2,2022-04-26 09:03:40
1650963820647238000,49.8,1,49.8,10,49.9,431,2,2022-04-26 09:03:40
1650963820666772000,49.9,2,49.8,10,49.9,429,1,2022-04-26 09:03:40
1650963820772981000,49.9,1,49.8,10,49.9,428,1,2022-04-26 09:03:40
1650963820870658000,49.8,1,49.8,9,49.9,428,2,2022-04-26 09:03:40
1650963821135116000,49.8,9,49.75,11,49.8,1,2,2022-04-26 09:03:41
1650963821192468000,49.75,3,49.75,8,49.8,1,2,2022-04-26 09:03:41
1650963821193089000,49.75,1,49.75,7,49.8,1,2,2022-04-26 09:03:41
1650963821219894000,49.75,7,49.7,5,49.8,1,2,2022-04-26 09:03:41
1650963821247706000,49.7,3,49.7,2,49.8,1,2,2022-04-26 09:03:41
1650963821306621000,49.7,2,49.6,11,49.8,1,2,2022-04-26 09:03:41
1650963821376519000,49.6,3,49.6,10,49.8,1,2,2022-04-26 09:03:41
1650963821405737000,49.8,1,49.6,10,49.85,12,1,2022-04-26 09:03:41
1650963821406543000,49.85,1,49.6,10,49.85,11,1,2022-04-26 09:03:41
1650963821412946000,49.85,1,49.6,10,49.85,10,1,2022-04-26 09:03:41
1650963821451608000,49.8,5,49.65,6,49.9,434,1,2022-04-26 09:03:41
1650963821451608000,49.85,10,49.65,6,49.9,434,1,2022-04-26 09:03:41
1650963821451608000,49.9,5,49.65,6,49.9,434,1,2022-04-26 09:03:41
1650963821677006000,49.7,2,49.65,17,49.7,8,1,2022-04-26 09:03:41
1650963821684393000,49.7,5,49.65,17,49.7,3,1,2022-04-26 09:03:41
1650963822007986000,49.65,3,49.65,14,49.7,3,2,2022-04-26 09:03:42
1650963822036425000,49.7,1,49.65,14,49.7,2,1,2022-04-26 09:03:42
1650963822174859000,49.65,5,49.65,14,49.7,3,2,2022-04-26 09:03:42
1650963822247059000,49.65,2,49.65,12,49.7,3,2,2022-04-26 09:03:42
1650963822495552000,49.65,3,49.65,10,49.7,3,2,2022-04-26 09:03:42
1650963822549491000,49.65,2,49.65,8,49.7,3,2,2022-04-26 09:03:42
1650963822623079000,49.7,2,49.7,2,49.8,59,1,2022-04-26 09:03:42
1650963822661393000,49.7,1,49.7,1,49.8,59,2,2022-04-26 09:03:42
1650963822830719000,49.7,1,49.65,8,49.8,61,2,2022-04-26 09:03:42
1650963823236579000,49.65,1,49.65,7,49.7,1,2,2022-04-26 09:03:43
1650963823258408000,49.65,3,49.65,4,49.7,1,2,2022-04-26 09:03:43
1650963823403426000,49.65,4,49.65,1,49.7,1,2,2022-04-26 09:03:43
1650963823419281000,49.7,1,49.7,1,49.75,4,1,2022-04-26 09:03:43
1650963823499216000,49.7,1,49.65,1,49.75,4,2,2022-04-26 09:03:43
1650963823710349000,49.7,1,49.7,4,49.75,4,2,2022-04-26 09:03:43
1650963823766109000,49.75,1,49.7,4,49.75,3,1,2022-04-26 09:03:43
1650963823798484000,49.7,1,49.7,3,49.75,3,2,2022-04-26 09:03:43
1650963823859943000,49.7,1,49.7,2,49.75,3,2,2022-04-26 09:03:43
1650963823868604000,49.7,2,49.65,1,49.75,3,2,2022-04-26 09:03:43
1650963823921880000,49.65,1,49.6,20,49.75,3,2,2022-04-26 09:03:43
1650963824044544000,49.65,1,49.65,4,49.75,3,2,2022-04-26 09:03:44
1650963824175250000,49.7,1,49.65,4,49.75,3,2,2022-04-26 09:03:44
1650963824268777000,49.75,2,49.65,4,49.75,1,1,2022-04-26 09:03:44
1650963824302183000,49.75,1,49.65,4,49.8,63,1,2022-04-26 09:03:44
1650963824312230000,49.8,1,49.65,4,49.8,62,1,2022-04-26 09:03:44
1650963824329719000,49.65,1,49.65,3,49.8,62,2,2022-04-26 09:03:44
1650963824485054000,49.7,1,49.7,1,49.8,58,2,2022-04-26 09:03:44
1650963824566805000,49.7,1,49.65,8,49.8,54,2,2022-04-26 09:03:44
1650963824594935000,49.8,1,49.65,8,49.8,53,1,2022-04-26 09:03:44
1650963824614990000,49.65,1,49.65,7,49.8,53,2,2022-04-26 09:03:44
1650963824649684000,49.65,2,49.65,5,49.8,54,2,2022-04-26 09:03:44
1650963824881334000,49.7,5,49.6,17,49.8,55,2,2022-04-26 09:03:44
1650963824881334000,49.65,7,49.6,17,49.8,55,2,2022-04-26 09:03:44
1650963824881334000,49.6,3,49.6,17,49.8,55,2,2022-04-26 09:03:44
1650963825016704000,49.65,1,49.65,2,49.7,1,2,2022-04-26 09:03:45
1650963825218016000,49.7,3,49.7,2,49.8,55,1,2022-04-26 09:03:45
1650963825331931000,49.8,1,49.7,2,49.8,54,1,2022-04-26 09:03:45
1650963825691114000,49.7,2,49.65,12,49.8,54,2,2022-04-26 09:03:45
1650963825703745000,49.65,4,49.65,8,49.75,2,2,2022-04-26 09:03:45
1650963825721830000,49.65,3,49.65,5,49.75,2,2,2022-04-26 09:03:45
1650963825763494000,49.65,1,49.65,4,49.75,2,2,2022-04-26 09:03:45
1650963825966536000,49.75,2,49.65,4,49.8,47,1,2022-04-26 09:03:45
1650963825966536000,49.8,7,49.65,4,49.8,47,1,2022-04-26 09:03:45
1650963826278441000,49.7,5,49.65,2,49.8,47,2,2022-04-26 09:03:46
1650963826278441000,49.65,5,49.65,2,49.8,47,2,2022-04-26 09:03:46
1650963826534759000,49.75,2,49.65,1,49.8,46,1,2022-04-26 09:03:46
1650963826534759000,49.8,1,49.65,1,49.8,46,1,2022-04-26 09:03:46
1650963826569658000,49.65,3,49.6,16,49.8,46,2,2022-04-26 09:03:46
1650963826569658000,49.6,2,49.6,16,49.8,46,2,2022-04-26 09:03:46
1650963826773687000,49.8,30,49.7,6,49.8,19,1,2022-04-26 09:03:46
1650963826795648000,49.8,19,49.7,8,49.85,7,1,2022-04-26 09:03:46
1650963826829149000,49.75,1,49.7,9,49.85,7,1,2022-04-26 09:03:46
1650963826976859000,49.7,2,49.7,9,49.85,7,2,2022-04-26 09:03:46
1650963827152582000,49.7,1,49.7,8,49.85,7,2,2022-04-26 09:03:47
1650963827269610000,49.75,5,49.7,8,49.85,7,1,2022-04-26 09:03:47
1650963827357724000,49.7,3,49.7,5,49.85,7,2,2022-04-26 09:03:47
1650963827412700000,49.75,2,49.7,5,49.85,7,1,2022-04-26 09:03:47
1650963827543901000,49.8,1,49.8,11,49.85,7,2,2022-04-26 09:03:47
1650963827599936000,49.8,2,49.8,9,49.85,7,2,2022-04-26 09:03:47
1650963827660336000,49.8,2,49.8,5,49.85,7,2,2022-04-26 09:03:47
1650963827696195000,49.8,5,49.7,5,49.85,7,2,2022-04-26 09:03:47
1650963827696195000,49.75,5,49.7,5,49.85,7,2,2022-04-26 09:03:47
1650963827729415000,49.7,1,49.7,4,49.85,7,2,2022-04-26 09:03:47
1650963827831868000,49.7,6,49.65,14,49.8,1,2,2022-04-26 09:03:47
1650963827831868000,49.65,1,49.65,14,49.8,1,2,2022-04-26 09:03:47
1650963827955631000,49.65,1,49.65,15,49.8,1,2,2022-04-26 09:03:47
1650963828172528000,49.8,1,49.8,1,49.85,3,1,2022-04-26 09:03:48
1650963828177096000,49.8,1,49.7,5,49.85,3,2,2022-04-26 09:03:48
1650963828177096000,49.75,7,49.7,5,49.85,3,2,2022-04-26 09:03:48
1650963828177096000,49.7,2,49.7,5,49.85,3,2,2022-04-26 09:03:48
1650963828243577000,49.7,1,49.7,4,49.85,5,2,2022-04-26 09:03:48
1650963828456175000,49.7,2,49.65,7,49.85,5,2,2022-04-26 09:03:48
1650963828456175000,49.65,8,49.65,7,49.85,5,2,2022-04-26 09:03:48
1650963828467313000,49.65,1,49.65,6,49.85,5,2,2022-04-26 09:03:48
1650963828487002000,49.65,2,49.65,4,49.85,5,2,2022-04-26 09:03:48
1650963828496681000,49.85,1,49.65,2,49.85,16,1,2022-04-26 09:03:48
1650963828588829000,49.65,1,49.65,1,49.85,16,2,2022-04-26 09:03:48
1650963828749341000,49.85,1,49.65,2,49.85,17,1,2022-04-26 09:03:48
1650963828958046000,49.7,1,49.7,2,49.85,5,2,2022-04-26 09:03:48
1650963829096027000,49.7,1,49.7,1,49.85,13,2,2022-04-26 09:03:49
1650963829313393000,49.7,1,49.7,10,49.75,1,2,2022-04-26 09:03:49
1650963829474675000,49.7,1,49.7,9,49.75,1,2,2022-04-26 09:03:49
1650963829487997000,49.7,2,49.7,7,49.75,1,2,2022-04-26 09:03:49
1650963829595153000,49.7,1,49.7,6,49.75,2,2,2022-04-26 09:03:49
1650963829639361000,49.7,1,49.7,5,49.75,1,2,2022-04-26 09:03:49
1650963829756141000,49.7,2,49.7,3,49.75,2,2,2022-04-26 09:03:49
1650963829770445000,49.7,2,49.7,1,49.75,1,2,2022-04-26 09:03:49
1650963829790992000,49.7,1,49.65,3,49.75,1,2,2022-04-26 09:03:49
1650963830074519000,49.7,1,49.7,1,49.75,2,2,2022-04-26 09:03:50
1650963830349540000,49.75,1,49.7,14,49.75,1,1,2022-04-26 09:03:50
1650963830429344000,49.7,3,49.7,11,49.75,1,2,2022-04-26 09:03:50
1650963830737740000,49.75,2,49.7,11,49.85,14,1,2022-04-26 09:03:50
1650963830737740000,49.8,3,49.7,11,49.85,14,1,2022-04-26 09:03:50
1650963831202073000,49.75,1,49.7,11,49.85,17,2,2022-04-26 09:03:51
1650963831382525000,49.75,1,49.75,1,49.8,2,2,2022-04-26 09:03:51
1650963831516691000,49.75,1,49.7,4,49.8,2,2,2022-04-26 09:03:51
1650963831516691000,49.7,7,49.7,4,49.8,2,2,2022-04-26 09:03:51
1650963831712673000,49.75,2,49.75,8,49.8,2,1,2022-04-26 09:03:51
1650963832125532000,49.75,1,49.75,7,49.8,1,2,2022-04-26 09:03:52
1650963832449001000,49.75,1,49.75,6,49.8,3,2,2022-04-26 09:03:52
1650963832797064000,49.8,2,49.75,6,49.8,1,1,2022-04-26 09:03:52
1650963832898495000,49.75,2,49.75,4,49.8,1,2,2022-04-26 09:03:52
1650963832926433000,49.8,1,49.75,4,49.8,1,1,2022-04-26 09:03:52
1650963832954890000,49.75,3,49.75,1,49.8,1,2,2022-04-26 09:03:52
1650963833045293000,49.75,1,49.65,24,49.8,5,2,2022-04-26 09:03:53
1650963833045293000,49.7,9,49.65,24,49.8,5,2,2022-04-26 09:03:53
1650963833096608000,49.65,5,49.65,21,49.8,6,2,2022-04-26 09:03:53
1650963833599116000,49.75,1,49.65,24,49.8,6,2,2022-04-26 09:03:53
1650963833611503000,49.8,1,49.65,24,49.8,5,1,2022-04-26 09:03:53
1650963833840881000,49.7,1,49.7,1,49.8,5,2,2022-04-26 09:03:53
1650963834218079000,49.7,2,49.7,6,49.8,17,2,2022-04-26 09:03:54
1650963834342309000,49.8,17,49.7,6,49.85,24,1,2022-04-26 09:03:54
1650963834342309000,49.85,13,49.7,6,49.85,24,1,2022-04-26 09:03:54
1650963834501712000,49.7,7,49.65,24,49.75,2,2,2022-04-26 09:03:54
1650963834797341000,49.7,1,49.7,3,49.75,2,2,2022-04-26 09:03:54
1650963835052624000,49.75,1,49.7,7,49.75,1,1,2022-04-26 09:03:55
1650963835091232000,49.75,1,49.75,4,49.85,24,1,2022-04-26 09:03:55
1650963835452770000,49.8,1,49.75,6,49.85,24,1,2022-04-26 09:03:55
1650963835758189000,49.75,5,49.7,7,49.8,2,2,2022-04-26 09:03:55
1650963836219010000,49.8,2,49.75,1,49.8,8,1,2022-04-26 09:03:56
1650963836386866000,49.75,1,49.7,9,49.8,9,2,2022-04-26 09:03:56
1650963836447524000,49.7,9,49.65,47,49.8,9,2,2022-04-26 09:03:56
1650963836447524000,49.65,1,49.65,47,49.8,9,2,2022-04-26 09:03:56
1650963836687714000,49.7,1,49.7,11,49.8,10,2,2022-04-26 09:03:56
1650963836891014000,49.75,1,49.7,12,49.8,10,1,2022-04-26 09:03:56
1650963836925147000,49.7,1,49.7,11,49.8,10,2,2022-04-26 09:03:56
1650963836925984000,49.7,5,49.7,6,49.8,10,2,2022-04-26 09:03:56
1650963837232486000,49.75,2,49.65,30,49.8,11,2,2022-04-26 09:03:57
1650963837232486000,49.7,6,49.65,30,49.8,11,2,2022-04-26 09:03:57
1650963837232486000,49.65,12,49.65,30,49.8,11,2,2022-04-26 09:03:57
1650963837302475000,49.65,2,49.65,29,49.7,5,2,2022-04-26 09:03:57
1650963837336233000,49.7,2,49.65,29,49.7,3,1,2022-04-26 09:03:57
1650963837524718000,49.7,1,49.65,29,49.7,2,1,2022-04-26 09:03:57
1650963837815300000,49.7,1,49.65,29,49.7,1,1,2022-04-26 09:03:57
1650963838025835000,49.65,11,49.65,18,49.7,1,2,2022-04-26 09:03:58
1650963838119083000,49.65,1,49.65,17,49.7,1,2,2022-04-26 09:03:58
1650963838477090000,49.65,20,49.6,8,49.7,1,2,2022-04-26 09:03:58
1650963838477090000,49.6,10,49.6,8,49.7,1,2,2022-04-26 09:03:58
1650963838749554000,49.7,1,49.7,14,49.75,4,1,2022-04-26 09:03:58
1650963839053835000,49.7,10,49.7,4,49.75,4,2,2022-04-26 09:03:59
1650963839082044000,49.7,1,49.7,3,49.75,4,2,2022-04-26 09:03:59
1650963839217225000,49.7,1,49.7,4,49.75,4,2,2022-04-26 09:03:59
1650963839599933000,49.7,1,49.7,4,49.75,4,2,2022-04-26 09:03:59
1650963839653236000,49.7,3,49.7,1,49.75,4,2,2022-04-26 09:03:59
1650963839705018000,49.7,1,49.65,12,49.7,2,2,2022-04-26 09:03:59
1650963840204087000,49.65,1,49.65,11,49.7,2,2,2022-04-26 09:04:00
1650963840236636000,49.65,1,49.65,10,49.7,3,2,2022-04-26 09:04:00
1650963840317622000,49.65,5,49.65,16,49.7,3,2,2022-04-26 09:04:00
1650963840420280000,49.65,2,49.65,14,49.7,3,2,2022-04-26 09:04:00
1650963840508453000,49.7,3,49.65,14,49.75,9,1,2022-04-26 09:04:00
1650963840632800000,49.65,1,49.65,13,49.7,1,2,2022-04-26 09:04:00
1650963840895729000,49.65,6,49.65,8,49.7,3,2,2022-04-26 09:04:00
1650963840909883000,49.65,6,49.65,2,49.7,3,2,2022-04-26 09:04:00
1650963840945622000,49.65,2,49.6,10,49.7,3,2,2022-04-26 09:04:00
1650963840957595000,49.6,1,49.6,9,49.7,3,2,2022-04-26 09:04:00
1650963840975386000,49.6,1,49.6,8,49.7,3,2,2022-04-26 09:04:00
1650963841366286000,49.7,2,49.65,5,49.7,1,1,2022-04-26 09:04:01
1650963841430570000,49.7,1,49.7,9,49.75,12,1,2022-04-26 09:04:01
1650963841490934000,49.7,5,49.7,5,49.75,12,2,2022-04-26 09:04:01
1650963841500939000,49.7,1,49.7,4,49.75,12,2,2022-04-26 09:04:01
1650963841609825000,49.7,3,49.7,1,49.75,12,2,2022-04-26 09:04:01
1650963841646128000,49.7,1,49.65,5,49.75,12,2,2022-04-26 09:04:01
1650963841769927000,49.65,5,49.6,9,49.65,5,2,2022-04-26 09:04:01
1650963842106810000,49.65,1,49.6,9,49.65,10,1,2022-04-26 09:04:02
1650963842283758000,49.65,1,49.6,9,49.65,9,1,2022-04-26 09:04:02
1650963842481191000,49.65,6,49.6,9,49.65,4,1,2022-04-26 09:04:02
1650963842485192000,49.65,4,49.7,2,49.75,20,1,2022-04-26 09:04:02
1650963842485192000,49.7,1,49.7,2,49.75,20,1,2022-04-26 09:04:02
1650963842501572000,49.7,1,49.7,1,49.75,20,2,2022-04-26 09:04:02
1650963842548560000,49.7,1,49.7,1,49.75,20,2,2022-04-26 09:04:02
1650963842559239000,49.7,1,49.65,1,49.7,1,2,2022-04-26 09:04:02
1650963842825528000,49.65,10,49.55,5,49.7,5,2,2022-04-26 09:04:02
1650963842825528000,49.6,10,49.55,5,49.7,5,2,2022-04-26 09:04:02
1650963842902000000,49.65,1,49.55,5,49.7,11,1,2022-04-26 09:04:02
1650963842945698000,49.65,4,49.5,16,49.7,11,2,2022-04-26 09:04:02
1650963842945698000,49.55,5,49.5,16,49.7,11,2,2022-04-26 09:04:02
1650963842945698000,49.5,1,49.5,16,49.7,11,2,2022-04-26 09:04:02
1650963843055740000,49.5,1,49.5,15,49.7,23,2,2022-04-26 09:04:03
1650963843124842000,49.7,2,49.5,15,49.7,11,1,2022-04-26 09:04:03
1650963843159149000,49.5,1,49.5,14,49.7,11,2,2022-04-26 09:04:03
1650963843199312000,49.65,1,49.5,14,49.7,11,2,2022-04-26 09:04:03
1650963843280588000,49.7,1,49.65,1,49.7,10,1,2022-04-26 09:04:03
1650963843351780000,49.7,1,49.65,1,49.7,9,1,2022-04-26 09:04:03
1650963843416235000,49.65,1,49.6,1,49.7,10,2,2022-04-26 09:04:03
1650963843534031000,49.6,1,49.5,14,49.65,1,2,2022-04-26 09:04:03
1650963843613482000,49.65,2,49.5,16,49.7,4,1,2022-04-26 09:04:03
1650963843613482000,49.7,18,49.5,16,49.7,4,1,2022-04-26 09:04:03
1650963844001082000,49.65,2,49.6,3,49.65,11,1,2022-04-26 09:04:04
1650963844271507000,49.6,13,49.55,6,49.65,11,2,2022-04-26 09:04:04
1650963844271507000,49.55,2,49.55,6,49.65,11,2,2022-04-26 09:04:04
1650963844496812000,49.65,1,49.55,6,49.65,10,1,2022-04-26 09:04:04
1650963844514223000,49.65,10,49.65,4,49.7,6,1,2022-04-26 09:04:04
1650963844531536000,49.65,4,49.55,4,49.7,6,2,2022-04-26 09:04:04
1650963844531536000,49.55,2,49.55,4,49.7,6,2,2022-04-26 09:04:04
1650963844538822000,49.7,1,49.55,4,49.7,5,1,2022-04-26 09:04:04
1650963844869791000,49.55,3,49.55,1,49.65,1,2,2022-04-26 09:04:04
1650963845054128000,49.6,5,49.65,4,49.7,5,1,2022-04-26 09:04:05
1650963845054128000,49.65,1,49.65,4,49.7,5,1,2022-04-26 09:04:05
1650963845184040000,49.65,3,49.65,1,49.7,7,2,2022-04-26 09:04:05
1650963845213833000,49.65,1,49.55,1,49.7,9,2,2022-04-26 09:04:05
1650963845320493000,49.55,1,49.5,16,49.7,11,2,2022-04-26 09:04:05
1650963845320493000,49.5,1,49.5,16,49.7,11,2,2022-04-26 09:04:05
1650963845357146000,49.65,1,49.5,16,49.7,21,2,2022-04-26 09:04:05
1650963845428430000,49.6,1,49.65,1,49.7,22,1,2022-04-26 09:04:05
1650963845546792000,49.7,2,49.65,1,49.7,21,1,2022-04-26 09:04:05
1650963845644988000,49.65,1,49.6,2,49.7,21,2,2022-04-26 09:04:05
1650963845770950000,49.6,1,49.6,3,49.7,21,2,2022-04-26 09:04:05
1650963845830228000,49.6,1,49.6,2,49.7,21,2,2022-04-26 09:04:05
1650963845839882000,49.6,1,49.6,1,49.7,21,2,2022-04-26 09:04:05
1650963846007173000,49.6,1,49.5,14,49.6,9,2,2022-04-26 09:04:06
1650963846451036000,49.55,2,49.5,14,49.55,8,2,2022-04-26 09:04:06
1650963846538827000,49.55,1,49.5,15,49.55,7,1,2022-04-26 09:04:06
1650963846583211000,49.5,5,49.5,10,49.55,7,2,2022-04-26 09:04:06
1650963846620784000,49.55,5,49.5,10,49.55,2,1,2022-04-26 09:04:06
1650963846694163000,49.55,1,49.5,10,49.55,1,1,2022-04-26 09:04:06
1650963846707696000,49.5,2,49.5,8,49.55,1,2,2022-04-26 09:04:06
1650963846742998000,49.55,1,49.5,8,49.6,5,1,2022-04-26 09:04:06
1650963846742998000,49.6,4,49.5,8,49.6,5,1,2022-04-26 09:04:06
1650963846751146000,49.6,5,49.5,8,49.7,35,1,2022-04-26 09:04:06
1650963846751146000,49.65,5,49.5,8,49.7,35,1,2022-04-26 09:04:06
1650963846751146000,49.7,2,49.5,8,49.7,35,1,2022-04-26 09:04:06
1650963846819861000,49.55,1,49.55,2,49.6,3,1,2022-04-26 09:04:06
1650963846955295000,49.6,3,49.55,2,49.7,32,1,2022-04-26 09:04:06
1650963846955295000,49.7,3,49.55,2,49.7,32,1,2022-04-26 09:04:06
1650963847093443000,49.65,1,49.55,4,49.65,1,1,2022-04-26 09:04:07
1650963847211583000,49.55,4,49.5,13,49.65,1,2,2022-04-26 09:04:07
1650963847211583000,49.5,1,49.5,13,49.65,1,2,2022-04-26 09:04:07
1650963847268959000,49.5,5,49.5,8,49.55,1,2,2022-04-26 09:04:07
1650963847443865000,49.55,1,49.5,12,49.65,1,1,2022-04-26 09:04:07
1650963847537999000,49.55,1,49.55,2,49.65,1,2,2022-04-26 09:04:07
1650963847994972000,49.55,1,49.55,11,49.65,1,2,2022-04-26 09:04:07
1650963848026859000,49.65,1,49.65,2,49.7,37,1,2022-04-26 09:04:08
1650963848269943000,49.65,1,49.65,1,49.7,40,2,2022-04-26 09:04:08
1650963848491073000,49.7,1,49.65,4,49.7,40,1,2022-04-26 09:04:08
1650963848608434000,49.65,1,49.65,5,49.7,40,2,2022-04-26 09:04:08
1650963848708876000,49.65,5,49.55,10,49.7,40,2,2022-04-26 09:04:08
1650963848708876000,49.55,3,49.55,10,49.7,40,2,2022-04-26 09:04:08
1650963848831007000,49.65,1,49.55,10,49.7,40,2,2022-04-26 09:04:08
1650963848928203000,49.55,3,49.55,8,49.65,2,2,2022-04-26 09:04:08
1650963849094390000,49.65,2,49.55,8,49.7,40,1,2022-04-26 09:04:09
1650963849166402000,49.55,1,49.55,7,49.7,40,2,2022-04-26 09:04:09
1650963849167606000,49.7,1,49.55,7,49.7,39,1,2022-04-26 09:04:09
1650963849204043000,49.55,7,49.45,2,49.5,9,2,2022-04-26 09:04:09
1650963849204043000,49.5,14,49.45,2,49.5,9,2,2022-04-26 09:04:09
1650963849243986000,49.5,2,49.45,2,49.5,7,1,2022-04-26 09:04:09
1650963849334338000,49.45,2,49.4,14,49.45,1,2,2022-04-26 09:04:09
1650963849355243000,49.45,1,49.4,14,49.5,7,1,2022-04-26 09:04:09
1650963849402885000,49.4,1,49.4,13,49.5,7,2,2022-04-26 09:04:09
1650963849429373000,49.4,3,49.4,10,49.5,7,2,2022-04-26 09:04:09
1650963849514296000,49.4,2,49.4,8,49.5,7,2,2022-04-26 09:04:09
1650963849548451000,49.5,1,49.4,8,49.5,6,1,2022-04-26 09:04:09
1650963849629375000,49.5,1,49.4,8,49.5,5,1,2022-04-26 09:04:09
1650963849646771000,49.5,1,49.4,8,49.5,4,1,2022-04-26 09:04:09
1650963849676930000,49.5,1,49.4,8,49.5,3,1,2022-04-26 09:04:09
1650963849904864000,49.5,1,49.4,8,49.5,3,1,2022-04-26 09:04:09
1650963849997084000,49.5,1,49.4,8,49.5,2,1,2022-04-26 09:04:09
1650963850157644000,49.5,1,49.4,8,49.5,1,1,2022-04-26 09:04:10
1650963850376954000,49.5,1,49.4,8,49.6,6,1,2022-04-26 09:04:10
1650963850428403000,49.6,1,49.4,8,49.6,5,1,2022-04-26 09:04:10
1650963850662460000,49.55,1,49.55,8,49.6,5,2,2022-04-26 09:04:10
1650963850800951000,49.55,2,49.55,6,49.6,7,2,2022-04-26 09:04:10
1650963851005909000,49.55,1,49.55,5,49.6,7,2,2022-04-26 09:04:11
1650963851071045000,49.55,5,49.35,12,49.6,7,2,2022-04-26 09:04:11
1650963851071045000,49.5,4,49.35,12,49.6,7,2,2022-04-26 09:04:11
1650963851071045000,49.4,11,49.35,12,49.6,7,2,2022-04-26 09:04:11
1650963851202664000,49.55,4,49.4,4,49.6,19,1,2022-04-26 09:04:11
1650963851261438000,49.4,1,49.4,3,49.6,19,2,2022-04-26 09:04:11
1650963851333205000,49.4,1,49.4,2,49.6,19,2,2022-04-26 09:04:11
1650963851445519000,49.6,2,49.55,1,49.6,5,1,2022-04-26 09:04:11
1650963851790072000,49.6,5,49.55,4,49.6,1,1,2022-04-26 09:04:11
1650963851893181000,49.55,4,49.4,2,49.55,33,2,2022-04-26 09:04:11
1650963851967444000,49.55,30,49.4,2,49.55,3,1,2022-04-26 09:04:11
1650963851986600000,49.55,3,49.4,2,49.6,1,1,2022-04-26 09:04:11
1650963852022514000,49.6,1,49.4,2,49.65,17,1,2022-04-26 09:04:12
1650963852085769000,49.65,10,49.4,6,49.65,7,1,2022-04-26 09:04:12
1650963852470083000,49.5,1,49.4,8,49.55,6,2,2022-04-26 09:04:12
1650963852662921000,49.45,3,49.4,7,49.5,1,2,2022-04-26 09:04:12
1650963852662921000,49.4,2,49.4,7,49.5,1,2,2022-04-26 09:04:12
1650963852743400000,49.4,2,49.4,10,49.5,1,2,2022-04-26 09:04:12
1650963852807472000,49.4,1,49.4,9,49.5,1,2,2022-04-26 09:04:12
1650963853063951000,49.4,1,49.4,9,49.5,1,2,2022-04-26 09:04:13
1650963853212043000,49.5,1,49.4,9,49.5,1,1,2022-04-26 09:04:13
1650963853221834000,49.4,2,49.4,7,49.5,11,2,2022-04-26 09:04:13
1650963853379893000,49.5,4,49.45,5,49.5,7,1,2022-04-26 09:04:13
1650963853416275000,49.5,7,49.45,5,49.55,7,1,2022-04-26 09:04:13
1650963853482378000,49.55,1,49.45,5,49.55,6,1,2022-04-26 09:04:13
1650963853971639000,49.55,1,49.45,6,49.55,5,1,2022-04-26 09:04:13
1650963854172645000,49.45,1,49.45,8,49.55,5,2,2022-04-26 09:04:14
1650963854582337000,49.45,11,49.45,6,49.55,5,2,2022-04-26 09:04:14
1650963854612466000,49.45,2,49.45,4,49.55,5,2,2022-04-26 09:04:14
1650963854626678000,49.45,4,49.4,24,49.55,5,2,2022-04-26 09:04:14
1650963854626678000,49.4,6,49.4,24,49.55,5,2,2022-04-26 09:04:14
1650963854673518000,49.45,1,49.4,24,49.55,5,2,2022-04-26 09:04:14
1650963854673518000,49.4,1,49.4,24,49.55,5,2,2022-04-26 09:04:14
1650963854702742000,49.55,2,49.4,24,49.55,3,1,2022-04-26 09:04:14
1650963854853210000,49.45,1,49.4,24,49.55,3,2,2022-04-26 09:04:14
1650963855013704000,49.4,1,49.4,23,49.55,3,2,2022-04-26 09:04:15
1650963855135475000,49.5,1,49.4,23,49.55,3,2,2022-04-26 09:04:15
1650963855215942000,49.55,3,49.4,23,49.6,14,1,2022-04-26 09:04:15
1650963855215942000,49.6,2,49.4,23,49.6,14,1,2022-04-26 09:04:15
1650963855497059000,49.5,2,49.5,2,49.6,2,2,2022-04-26 09:04:15
1650963855546220000,49.5,1,49.5,1,49.6,2,2,2022-04-26 09:04:15
1650963855686758000,49.5,1,49.4,19,49.6,2,2,2022-04-26 09:04:15
1650963855686758000,49.4,4,49.4,19,49.6,2,2,2022-04-26 09:04:15
1650963855865040000,49.4,1,49.4,18,49.55,5,2,2022-04-26 09:04:15
1650963856025492000,49.4,1,49.4,18,49.5,1,2,2022-04-26 09:04:16
1650963856030370000,49.5,1,49.4,18,49.55,5,1,2022-04-26 09:04:16
1650963856097945000,49.55,1,49.4,18,49.55,4,1,2022-04-26 09:04:16
1650963856354237000,49.45,2,49.45,1,49.5,4,2,2022-04-26 09:04:16
1650963856443302000,49.45,1,49.4,19,49.5,4,2,2022-04-26 09:04:16
1650963856676296000,49.5,2,49.4,19,49.5,2,1,2022-04-26 09:04:16
1650963856732977000,49.45,1,49.4,20,49.5,2,1,2022-04-26 09:04:16
1650963857129461000,49.5,1,49.45,3,49.5,4,1,2022-04-26 09:04:17
1650963857192108000,49.5,4,49.45,3,49.55,32,1,2022-04-26 09:04:17
1650963857410020000,49.45,3,49.4,31,49.55,33,2,2022-04-26 09:04:17
1650963857410020000,49.4,1,49.4,31,49.55,33,2,2022-04-26 09:04:17
1650963858037095000,49.45,1,49.4,34,49.5,4,2,2022-04-26 09:04:18
1650963858430274000,49.4,2,49.4,39,49.5,5,2,2022-04-26 09:04:18
1650963858477801000,49.5,1,49.45,2,49.5,4,1,2022-04-26 09:04:18
1650963858559453000,49.5,2,49.45,2,49.5,4,1,2022-04-26 09:04:18
1650963858687403000,49.45,1,49.45,1,49.5,4,2,2022-04-26 09:04:18
1650963858960496000,49.45,1,49.4,40,49.5,4,2,2022-04-26 09:04:18
1650963858960496000,49.4,4,49.4,40,49.5,4,2,2022-04-26 09:04:18
1650963858970584000,49.5,4,49.4,40,49.55,35,1,2022-04-26 09:04:18
1650963859042920000,49.55,3,49.4,40,49.55,34,1,2022-04-26 09:04:19
1650963859190083000,49.45,1,49.4,34,49.45,1,1,2022-04-26 09:04:19
1650963859360658000,49.4,1,49.4,33,49.45,1,2,2022-04-26 09:04:19
1650963860254558000,49.4,1,49.4,50,49.45,5,2,2022-04-26 09:04:20
1650963860456569000,49.45,1,49.4,50,49.45,4,1,2022-04-26 09:04:20
1650963860633849000,49.45,3,49.4,50,49.45,1,1,2022-04-26 09:04:20
1650963860676161000,49.45,1,49.4,50,49.55,18,1,2022-04-26 09:04:20
1650963860676161000,49.5,11,49.4,50,49.55,18,1,2022-04-26 09:04:20
1650963860676161000,49.55,18,49.4,50,49.55,18,1,2022-04-26 09:04:20
1650963860703216000,49.4,1,49.4,49,49.55,18,2,2022-04-26 09:04:20
1650963860756814000,49.45,1,49.4,49,49.45,2,1,2022-04-26 09:04:20
1650963860779424000,49.45,2,49.4,49,49.55,18,1,2022-04-26 09:04:20
1650963860954303000,49.5,1,49.5,5,49.55,18,2,2022-04-26 09:04:20
1650963861090830000,49.5,5,49.4,57,49.45,25,2,2022-04-26 09:04:21
1650963861260705000,49.45,5,49.4,57,49.45,20,1,2022-04-26 09:04:21
1650963861319626000,49.4,30,49.4,27,49.45,20,2,2022-04-26 09:04:21
1650963861361779000,49.45,10,49.4,28,49.45,10,1,2022-04-26 09:04:21
1650963861393590000,49.4,1,49.4,27,49.45,10,2,2022-04-26 09:04:21
1650963861404659000,49.4,5,49.4,22,49.45,10,2,2022-04-26 09:04:21
1650963861566258000,49.45,5,49.4,23,49.45,5,1,2022-04-26 09:04:21
1650963861583051000,49.4,10,49.4,13,49.45,5,2,2022-04-26 09:04:21
1650963861590899000,49.4,1,49.4,12,49.45,5,2,2022-04-26 09:04:21
1650963861690620000,49.4,5,49.4,7,49.45,5,2,2022-04-26 09:04:21
1650963861861850000,49.4,1,49.4,6,49.45,5,2,2022-04-26 09:04:21
1650963861897959000,49.45,1,49.4,6,49.45,4,1,2022-04-26 09:04:21
1650963861902692000,49.45,1,49.4,6,49.45,3,1,2022-04-26 09:04:21
1650963861988849000,49.4,1,49.4,26,49.45,3,2,2022-04-26 09:04:21
1650963861996755000,49.4,10,49.4,16,49.45,3,2,2022-04-26 09:04:21
1650963862202700000,49.4,10,49.4,6,49.45,3,2,2022-04-26 09:04:22
1650963862533941000,49.4,1,49.4,7,49.45,3,2,2022-04-26 09:04:22
1650963862608028000,49.4,4,49.4,3,49.45,3,2,2022-04-26 09:04:22
1650963862686667000,49.4,1,49.4,4,49.45,3,2,2022-04-26 09:04:22
1650963862701008000,49.4,1,49.4,3,49.45,3,2,2022-04-26 09:04:22
1650963862752897000,49.45,3,49.4,3,49.5,10,1,2022-04-26 09:04:22
1650963862752897000,49.5,1,49.4,3,49.5,10,1,2022-04-26 09:04:22
1650963863420050000,49.45,1,49.4,3,49.5,12,2,2022-04-26 09:04:23
1650963863724495000,49.45,1,49.4,4,49.45,1,1,2022-04-26 09:04:23
1650963863784668000,49.45,1,49.4,4,49.45,1,1,2022-04-26 09:04:23
1650963863790302000,49.4,4,49.35,17,49.45,1,2,2022-04-26 09:04:23
1650963863931184000,49.45,1,49.35,17,49.5,11,1,2022-04-26 09:04:23
1650963863931184000,49.5,1,49.35,17,49.5,11,1,2022-04-26 09:04:23
1650963863938600000,49.35,10,49.35,7,49.5,11,2,2022-04-26 09:04:23
1650963863946886000,49.5,1,49.35,7,49.5,10,1,2022-04-26 09:04:23
1650963863990501000,49.4,1,49.35,7,49.5,10,2,2022-04-26 09:04:23
1650963864569314000,49.35,4,49.35,4,49.5,10,2,2022-04-26 09:04:24
1650963864642200000,49.35,1,49.35,3,49.5,10,2,2022-04-26 09:04:24
1650963864822096000,49.4,1,49.4,4,49.5,14,2,2022-04-26 09:04:24
1650963864907155000,49.4,1,49.4,3,49.5,14,2,2022-04-26 09:04:24
1650963864918928000,49.5,4,49.4,3,49.5,10,1,2022-04-26 09:04:24
1650963865563187000,49.4,1,49.4,3,49.45,2,2,2022-04-26 09:04:25
1650963865818524000,49.4,1,49.4,2,49.45,6,2,2022-04-26 09:04:25
1650963865847728000,49.45,6,49.45,24,49.5,20,1,2022-04-26 09:04:25
1650963866086405000,49.45,1,49.45,23,49.5,20,2,2022-04-26 09:04:26
1650963866089012000,49.5,1,49.45,23,49.5,19,1,2022-04-26 09:04:26
1650963866101136000,49.45,5,49.45,18,49.5,19,2,2022-04-26 09:04:26
1650963866111428000,49.45,1,49.45,17,49.5,19,2,2022-04-26 09:04:26
1650963866504884000,49.45,2,49.45,15,49.5,23,2,2022-04-26 09:04:26
1650963866574634000,49.45,1,49.45,16,49.5,23,2,2022-04-26 09:04:26
1650963866633407000,49.5,1,49.45,16,49.5,22,1,2022-04-26 09:04:26
1650963867024698000,49.5,4,49.45,18,49.5,25,1,2022-04-26 09:04:27
1650963867186630000,49.5,2,49.45,18,49.5,73,1,2022-04-26 09:04:27
1650963867224018000,49.45,18,49.35,3,49.4,2,2,2022-04-26 09:04:27
1650963867224018000,49.4,10,49.35,3,49.4,2,2,2022-04-26 09:04:27
1650963867373062000,49.35,1,49.35,2,49.4,2,2,2022-04-26 09:04:27
1650963867401563000,49.4,2,49.4,3,49.5,76,1,2022-04-26 09:04:27
1650963867412686000,49.45,1,49.4,3,49.5,76,2,2022-04-26 09:04:27
1650963867560282000,49.4,3,49.35,2,49.4,3,2,2022-04-26 09:04:27
1650963867674138000,49.4,3,49.35,2,49.5,71,1,2022-04-26 09:04:27
1650963867674138000,49.5,7,49.35,2,49.5,71,1,2022-04-26 09:04:27
1650963867723286000,49.5,1,49.35,2,49.5,70,1,2022-04-26 09:04:27
1650963868080111000,49.45,1,49.45,1,49.5,70,2,2022-04-26 09:04:28
1650963868140909000,49.45,1,49.35,2,49.5,70,2,2022-04-26 09:04:28
1650963868784950000,49.5,3,49.45,3,49.5,74,1,2022-04-26 09:04:28
1650963869013368000,49.5,4,49.45,3,49.5,70,1,2022-04-26 09:04:29
1650963869508623000,49.45,1,49.45,2,49.5,88,2,2022-04-26 09:04:29
1650963870186593000,49.45,2,49.4,28,49.5,93,2,2022-04-26 09:04:30
1650963870186593000,49.4,3,49.4,28,49.5,93,2,2022-04-26 09:04:30
1650963870240124000,49.4,1,49.4,27,49.5,93,2,2022-04-26 09:04:30
1650963870506456000,49.45,2,49.45,3,49.5,93,1,2022-04-26 09:04:30
1650963870611324000,49.45,1,49.45,2,49.5,94,2,2022-04-26 09:04:30
1650963870783125000,49.45,1,49.45,4,49.5,104,2,2022-04-26 09:04:30
1650963870852373000,49.5,4,49.45,4,49.5,100,1,2022-04-26 09:04:30
1650963870957798000,49.5,10,49.45,4,49.5,90,1,2022-04-26 09:04:30
1650963871530465000,49.45,1,49.45,5,49.5,93,2,2022-04-26 09:04:31
1650963871703569000,49.5,20,49.45,5,49.5,74,1,2022-04-26 09:04:31
1650963871730216000,49.5,74,49.45,5,49.5,1,1,2022-04-26 09:04:31
1650963871760382000,49.5,1,49.45,5,49.55,4,1,2022-04-26 09:04:31
1650963871866871000,49.45,10,49.4,86,49.55,4,2,2022-04-26 09:04:31
1650963872024338000,49.5,3,49.5,2,49.55,3,2,2022-04-26 09:04:32
1650963872405174000,49.5,3,49.5,15,49.55,3,2,2022-04-26 09:04:32
1650963872448886000,49.5,19,49.45,5,49.55,3,2,2022-04-26 09:04:32
1650963872448886000,49.45,1,49.45,5,49.55,3,2,2022-04-26 09:04:32
1650963872499578000,49.5,1,49.5,1,49.55,3,1,2022-04-26 09:04:32
1650963872576436000,49.5,4,49.5,2,49.55,3,2,2022-04-26 09:04:32
1650963872600830000,49.55,3,49.5,2,49.6,29,1,2022-04-26 09:04:32
1650963872600830000,49.6,2,49.5,2,49.6,29,1,2022-04-26 09:04:32
1650963872629831000,49.5,2,49.45,8,49.6,27,2,2022-04-26 09:04:32
1650963872719893000,49.5,1,49.5,1,49.6,27,2,2022-04-26 09:04:32
1650963872928552000,49.5,2,49.5,3,49.55,15,2,2022-04-26 09:04:32
1650963872980971000,49.5,1,49.5,2,49.55,15,2,2022-04-26 09:04:32
1650963872997961000,49.5,2,49.45,20,49.5,1,2,2022-04-26 09:04:32
1650963873015688000,49.5,1,49.45,20,49.55,14,1,2022-04-26 09:04:33
1650963873015688000,49.55,2,49.45,20,49.55,14,1,2022-04-26 09:04:33
1650963873450842000,49.5,1,49.45,37,49.55,14,2,2022-04-26 09:04:33
1650963873533807000,49.5,1,49.45,37,49.55,13,1,2022-04-26 09:04:33
1650963873533807000,49.55,1,49.45,37,49.55,13,1,2022-04-26 09:04:33
1650963873793464000,49.55,5,49.5,3,49.55,8,1,2022-04-26 09:04:33
1650963873832487000,49.55,8,49.5,3,49.6,27,1,2022-04-26 09:04:33
1650963873848774000,49.5,1,49.5,2,49.6,27,2,2022-04-26 09:04:33
1650963873896644000,49.5,2,49.45,39,49.6,27,2,2022-04-26 09:04:33
1650963873896644000,49.45,1,49.45,39,49.6,27,2,2022-04-26 09:04:33
1650963873966823000,49.6,10,49.5,6,49.6,17,1,2022-04-26 09:04:33
1650963874002079000,49.6,17,49.5,8,49.65,6,1,2022-04-26 09:04:34
1650963874045500000,49.5,1,49.5,7,49.6,2,2,2022-04-26 09:04:34
1650963874380519000,49.5,2,49.5,16,49.6,2,2,2022-04-26 09:04:34
1650963874537103000,49.6,1,49.5,16,49.6,1,1,2022-04-26 09:04:34
1650963874643434000,49.6,1,49.5,16,49.65,6,1,2022-04-26 09:04:34
1650963874709297000,49.5,16,49.45,39,49.65,6,2,2022-04-26 09:04:34
1650963874709297000,49.45,4,49.45,39,49.65,6,2,2022-04-26 09:04:34
1650963874749916000,49.55,3,49.45,39,49.65,6,2,2022-04-26 09:04:34
1650963874786938000,49.45,1,49.45,38,49.65,18,2,2022-04-26 09:04:34
1650963874913922000,49.5,1,49.5,7,49.65,8,2,2022-04-26 09:04:34
1650963875012484000,49.5,1,49.5,8,49.65,8,2,2022-04-26 09:04:35
1650963875060430000,49.65,2,49.5,8,49.65,6,1,2022-04-26 09:04:35
1650963875511342000,49.6,1,49.5,44,49.6,9,1,2022-04-26 09:04:35
1650963875574497000,49.5,1,49.5,45,49.6,9,2,2022-04-26 09:04:35
1650963875867380000,49.5,2,49.5,49,49.6,9,2,2022-04-26 09:04:35
1650963876349022000,49.55,1,49.55,1,49.6,9,2,2022-04-26 09:04:36
1650963876368713000,49.55,1,49.5,56,49.6,9,2,2022-04-26 09:04:36
1650963876368713000,49.5,1,49.5,56,49.6,9,2,2022-04-26 09:04:36
1650963876995198000,49.5,1,49.5,52,49.6,9,2,2022-04-26 09:04:36
1650963877470236000,49.5,1,49.5,56,49.6,9,2,2022-04-26 09:04:37
1650963877627892000,49.5,1,49.5,58,49.6,10,2,2022-04-26 09:04:37
1650963878149167000,49.55,1,49.5,51,49.6,10,2,2022-04-26 09:04:38
1650963878149167000,49.5,2,49.5,51,49.6,10,2,2022-04-26 09:04:38
1650963878605416000,49.6,5,49.5,45,49.6,5,1,2022-04-26 09:04:38
1650963878725391000,49.6,1,49.5,45,49.6,14,1,2022-04-26 09:04:38
1650963879233984000,49.6,1,49.55,1,49.6,15,1,2022-04-26 09:04:39
1650963879506902000,49.55,1,49.5,43,49.6,15,2,2022-04-26 09:04:39
1650963879618472000,49.6,5,49.5,43,49.6,10,1,2022-04-26 09:04:39
1650963880229985000,49.6,1,49.55,10,49.6,9,1,2022-04-26 09:04:40
1650963880437418000,49.55,1,49.55,9,49.6,9,2,2022-04-26 09:04:40
1650963880552469000,49.6,1,49.55,10,49.6,8,1,2022-04-26 09:04:40
1650963880665075000,49.55,1,49.55,14,49.6,22,2,2022-04-26 09:04:40
1650963880687065000,49.55,1,49.55,13,49.6,22,2,2022-04-26 09:04:40
1650963880896415000,49.55,5,49.55,10,49.6,27,2,2022-04-26 09:04:40
1650963881164576000,49.55,1,49.55,9,49.6,27,2,2022-04-26 09:04:41
1650963881221859000,49.6,1,49.55,9,49.6,26,1,2022-04-26 09:04:41
1650963881500586000,49.55,1,49.55,8,49.6,26,2,2022-04-26 09:04:41
1650963881542774000,49.6,1,49.55,8,49.6,25,1,2022-04-26 09:04:41
1650963881898005000,49.55,1,49.55,7,49.6,35,2,2022-04-26 09:04:41
1650963882153379000,49.6,1,49.55,7,49.6,34,1,2022-04-26 09:04:42
1650963882339833000,49.6,1,49.55,7,49.6,33,1,2022-04-26 09:04:42
1650963882946550000,49.55,8,49.5,110,49.6,33,2,2022-04-26 09:04:42
1650963882946550000,49.5,1,49.5,110,49.6,33,2,2022-04-26 09:04:42
1650963883004259000,49.6,2,49.5,107,49.6,31,1,2022-04-26 09:04:43
1650963883366467000,49.5,10,49.5,101,49.6,32,2,2022-04-26 09:04:43
1650963883413784000,49.6,10,49.5,101,49.6,22,1,2022-04-26 09:04:43
1650963883750306000,49.6,1,49.55,1,49.6,21,1,2022-04-26 09:04:43
1650963883755396000,49.6,1,49.55,1,49.6,20,1,2022-04-26 09:04:43
1650963883991340000,49.55,1,49.5,65,49.6,21,2,2022-04-26 09:04:43
1650963884576824000,49.5,1,49.5,64,49.55,5,2,2022-04-26 09:04:44
1650963885077162000,49.55,5,49.5,80,49.6,21,1,2022-04-26 09:04:45
1650963885209632000,49.55,3,49.5,80,49.55,2,2,2022-04-26 09:04:45
1650963885382746000,49.55,2,49.5,81,49.6,20,1,2022-04-26 09:04:45
1650963885382746000,49.6,2,49.5,81,49.6,20,1,2022-04-26 09:04:45
1650963885445467000,49.55,1,49.5,81,49.6,2,1,2022-04-26 09:04:45
1650963885445467000,49.6,19,49.5,81,49.6,2,1,2022-04-26 09:04:45
1650963885740936000,49.55,1,49.5,72,49.6,2,2,2022-04-26 09:04:45
1650963885740936000,49.5,9,49.5,72,49.6,2,2,2022-04-26 09:04:45
1650963886297673000,49.55,2,49.5,76,49.55,1,2,2022-04-26 09:04:46
1650963886483124000,49.55,1,49.5,76,49.65,19,1,2022-04-26 09:04:46
1650963886483124000,49.6,2,49.5,76,49.65,19,1,2022-04-26 09:04:46
1650963886744582000,49.65,2,49.55,10,49.65,15,1,2022-04-26 09:04:46
1650963887129617000,49.55,3,49.55,7,49.65,16,2,2022-04-26 09:04:47
1650963887822789000,49.55,1,49.55,9,49.65,16,2,2022-04-26 09:04:47
1650963888280509000,49.55,3,49.55,11,49.6,1,2,2022-04-26 09:04:48
1650963888301789000,49.6,1,49.6,1,49.65,16,1,2022-04-26 09:04:48
1650963888872465000,49.6,1,49.55,17,49.65,16,2,2022-04-26 09:04:48
1650963888872465000,49.55,3,49.55,17,49.65,16,2,2022-04-26 09:04:48
1650963889058170000,49.55,1,49.55,16,49.65,16,2,2022-04-26 09:04:49
1650963889264885000,49.55,2,49.55,14,49.65,16,2,2022-04-26 09:04:49
1650963889351788000,49.55,2,49.55,12,49.65,16,2,2022-04-26 09:04:49
1650963890150060000,49.55,1,49.55,15,49.65,17,2,2022-04-26 09:04:50
1650963890334703000,49.55,1,49.55,20,49.65,17,2,2022-04-26 09:04:50
1650963890631128000,49.65,5,49.55,21,49.65,12,1,2022-04-26 09:04:50
1650963891385134000,49.6,2,49.55,22,49.65,12,1,2022-04-26 09:04:51
1650963892429292000,49.6,1,49.55,34,49.6,4,1,2022-04-26 09:04:52
1650963892745899000,49.55,1,49.55,34,49.6,4,2,2022-04-26 09:04:52
1650963892761942000,49.55,4,49.55,30,49.6,4,2,2022-04-26 09:04:52
1650963892986762000,49.55,3,49.55,27,49.6,4,2,2022-04-26 09:04:52
1650963893125926000,49.6,4,49.6,26,49.65,16,1,2022-04-26 09:04:53
1650963893217783000,49.65,8,49.6,26,49.65,8,1,2022-04-26 09:04:53
1650963893296153000,49.6,1,49.6,26,49.65,8,2,2022-04-26 09:04:53
1650963893512879000,49.6,10,49.6,17,49.65,8,2,2022-04-26 09:04:53
1650963893963414000,49.6,1,49.6,17,49.65,10,2,2022-04-26 09:04:53
1650963894052530000,49.6,5,49.6,12,49.65,10,2,2022-04-26 09:04:54
1650963894202626000,49.6,10,49.6,2,49.65,10,2,2022-04-26 09:04:54
1650963894219156000,49.6,2,49.55,29,49.65,10,2,2022-04-26 09:04:54
1650963894219156000,49.55,8,49.55,29,49.65,10,2,2022-04-26 09:04:54
1650963894499276000,49.6,2,49.6,13,49.65,10,2,2022-04-26 09:04:54
1650963895147198000,49.6,1,49.6,13,49.65,10,2,2022-04-26 09:04:55
1650963895535678000,49.6,1,49.6,12,49.65,10,2,2022-04-26 09:04:55
1650963895542321000,49.65,6,49.6,12,49.65,4,1,2022-04-26 09:04:55
1650963895874320000,49.6,2,49.6,11,49.65,5,2,2022-04-26 09:04:55
1650963895980365000,49.65,3,49.6,11,49.65,2,1,2022-04-26 09:04:55
1650963896406546000,49.65,2,49.65,2,49.7,30,1,2022-04-26 09:04:56
1650963897377560000,49.7,2,49.65,3,49.7,27,1,2022-04-26 09:04:57
1650963897626717000,49.65,1,49.65,5,49.7,27,2,2022-04-26 09:04:57
1650963898216363000,49.65,5,49.5,65,49.7,27,2,2022-04-26 09:04:58
1650963898216363000,49.6,11,49.5,65,49.7,27,2,2022-04-26 09:04:58
1650963898216363000,49.55,44,49.5,65,49.7,27,2,2022-04-26 09:04:58
1650963898216363000,49.5,60,49.5,65,49.7,27,2,2022-04-26 09:04:58
1650963898646759000,49.6,1,49.5,66,49.7,29,2,2022-04-26 09:04:58
1650963898708318000,49.65,7,49.65,53,49.7,29,2,2022-04-26 09:04:58
1650963898730653000,49.65,53,49.5,66,49.7,29,2,2022-04-26 09:04:58
1650963898862539000,49.6,1,49.5,66,49.6,1,2,2022-04-26 09:04:58
1650963899494022000,49.55,1,49.5,66,49.55,24,1,2022-04-26 09:04:59
1650963899589643000,49.55,5,49.5,66,49.55,19,1,2022-04-26 09:04:59
1650963899892781000,49.55,1,49.5,66,49.55,18,1,2022-04-26 09:04:59
1650963899974897000,49.55,1,49.5,66,49.55,17,1,2022-04-26 09:04:59
1650963900207584000,49.55,5,49.5,65,49.55,12,1,2022-04-26 09:05:00
1650963900372852000,49.55,1,49.5,65,49.55,11,1,2022-04-26 09:05:00
1650963900393838000,49.55,1,49.5,65,49.55,10,1,2022-04-26 09:05:00
1650963900478322000,49.5,2,49.5,63,49.55,10,2,2022-04-26 09:05:00
1650963900895017000,49.55,13,49.5,64,49.65,33,1,2022-04-26 09:05:00
1650963900895017000,49.6,11,49.5,64,49.65,33,1,2022-04-26 09:05:00
1650963900895017000,49.65,6,49.5,64,49.65,33,1,2022-04-26 09:05:00
1650963900929168000,49.5,18,49.5,46,49.65,33,2,2022-04-26 09:05:00
1650963900951581000,49.5,8,49.5,38,49.55,1,2,2022-04-26 09:05:00
1650963900978709000,49.5,1,49.5,37,49.55,2,2,2022-04-26 09:05:00
1650963901306606000,49.5,1,49.5,36,49.55,2,2,2022-04-26 09:05:01
1650963901410663000,49.5,1,49.5,35,49.55,2,2,2022-04-26 09:05:01
1650963901587748000,49.5,20,49.5,15,49.55,2,2,2022-04-26 09:05:01
1650963901621211000,49.5,12,49.5,3,49.55,2,2,2022-04-26 09:05:01
1650963901652297000,49.5,3,49.45,83,49.55,2,2,2022-04-26 09:05:01
1650963901861115000,49.45,20,49.45,63,49.55,2,2,2022-04-26 09:05:01
1650963902046839000,49.45,1,49.45,62,49.55,2,2,2022-04-26 09:05:02
1650963902247551000,49.55,1,49.45,62,49.55,1,1,2022-04-26 09:05:02
1650963902252784000,49.55,1,49.45,62,49.6,1,1,2022-04-26 09:05:02
1650963902582343000,49.6,1,49.45,62,49.6,12,1,2022-04-26 09:05:02
1650963902714185000,49.45,2,49.45,60,49.6,12,2,2022-04-26 09:05:02
1650963902937490000,49.5,1,49.45,57,49.6,19,2,2022-04-26 09:05:02
1650963902937490000,49.45,3,49.45,57,49.6,19,2,2022-04-26 09:05:02
1650963902940740000,49.45,1,49.45,56,49.6,19,2,2022-04-26 09:05:02
1650963903158920000,49.5,1,49.55,1,49.6,21,1,2022-04-26 09:05:03
1650963903200415000,49.55,1,49.45,52,49.6,21,2,2022-04-26 09:05:03
1650963903200415000,49.45,4,49.45,52,49.6,21,2,2022-04-26 09:05:03
1650963903698671000,49.5,1,49.45,52,49.55,7,2,2022-04-26 09:05:03
1650963903927490000,49.55,3,49.45,52,49.55,4,1,2022-04-26 09:05:03
1650963904082526000,49.45,52,49.35,35,49.4,11,2,2022-04-26 09:05:04
1650963904082526000,49.4,93,49.35,35,49.4,11,2,2022-04-26 09:05:04
1650963904110690000,49.35,1,49.35,34,49.4,11,2,2022-04-26 09:05:04
1650963904126932000,49.4,1,49.35,34,49.4,10,1,2022-04-26 09:05:04
1650963904191944000,49.35,3,49.35,31,49.4,10,2,2022-04-26 09:05:04
1650963904255239000,49.4,1,49.35,31,49.4,9,1,2022-04-26 09:05:04
1650963904482340000,49.4,1,49.35,31,49.4,8,1,2022-04-26 09:05:04
1650963904759781000,49.35,1,49.35,30,49.4,8,2,2022-04-26 09:05:04
1650963904941073000,49.5,1,49.5,1,49.55,11,1,2022-04-26 09:05:04
1650963904969508000,49.5,1,49.35,30,49.45,4,2,2022-04-26 09:05:04
1650963905386172000,49.35,4,49.35,26,49.55,13,2,2022-04-26 09:05:05
1650963905450627000,49.5,1,49.35,26,49.55,13,2,2022-04-26 09:05:05
1650963905531956000,49.5,1,49.35,26,49.5,4,1,2022-04-26 09:05:05
1650963905913777000,49.45,1,49.35,26,49.45,3,2,2022-04-26 09:05:05
1650963906121394000,49.45,2,49.35,22,49.45,1,1,2022-04-26 09:05:06
1650963906638258000,49.45,1,49.4,1,49.5,11,1,2022-04-26 09:05:06
1650963906928899000,49.4,1,49.35,18,49.5,13,2,2022-04-26 09:05:06
1650963906928899000,49.35,4,49.35,18,49.5,13,2,2022-04-26 09:05:06
1650963907620617000,49.35,5,49.35,13,49.45,4,2,2022-04-26 09:05:07
1650963907647882000,49.35,13,49.3,28,49.45,4,2,2022-04-26 09:05:07
1650963907664552000,49.45,4,49.3,28,49.5,8,1,2022-04-26 09:05:07
1650963907664552000,49.5,26,49.3,28,49.5,8,1,2022-04-26 09:05:07
1650963907783185000,49.4,1,49.4,1,49.5,8,1,2022-04-26 09:05:07
1650963908225268000,49.4,1,49.3,27,49.45,1,2,2022-04-26 09:05:08
1650963908225268000,49.3,1,49.3,27,49.45,1,2,2022-04-26 09:05:08
1650963908426885000,49.45,1,49.45,2,49.5,13,1,2022-04-26 09:05:08
1650963909048241000,49.45,2,49.4,1,49.45,3,2,2022-04-26 09:05:09
1650963909407104000,49.4,1,49.35,2,49.4,4,2,2022-04-26 09:05:09
1650963909572463000,49.35,2,49.3,13,49.4,4,2,2022-04-26 09:05:09
1650963909572463000,49.3,8,49.3,13,49.4,4,2,2022-04-26 09:05:09
1650963909790251000,49.4,1,49.35,2,49.4,3,1,2022-04-26 09:05:09
1650963909863678000,49.4,3,49.35,2,49.45,9,1,2022-04-26 09:05:09
1650963909863678000,49.45,2,49.35,2,49.45,9,1,2022-04-26 09:05:09
1650963909944851000,49.45,3,49.35,2,49.45,6,1,2022-04-26 09:05:09
1650963909994309000,49.45,1,49.35,2,49.45,5,1,2022-04-26 09:05:09
1650963910079710000,49.35,4,49.3,12,49.45,5,2,2022-04-26 09:05:10
1650963910079710000,49.3,1,49.3,12,49.45,5,2,2022-04-26 09:05:10
1650963910177790000,49.45,1,49.3,12,49.45,4,1,2022-04-26 09:05:10
1650963910230487000,49.45,1,49.3,12,49.45,3,1,2022-04-26 09:05:10
1650963910431640000,49.35,1,49.3,12,49.4,7,2,2022-04-26 09:05:10
1650963910451558000,49.4,2,49.35,1,49.4,5,1,2022-04-26 09:05:10
1650963910627251000,49.4,5,49.35,1,49.45,9,1,2022-04-26 09:05:10
1650963910824643000,49.35,1,49.3,12,49.45,19,2,2022-04-26 09:05:10
1650963911028694000,49.4,3,49.3,12,49.35,1,2,2022-04-26 09:05:11
1650963911262222000,49.35,1,49.3,12,49.45,22,1,2022-04-26 09:05:11
1650963912037091000,49.4,1,49.3,13,49.45,22,2,2022-04-26 09:05:12
1650963912170397000,49.45,4,49.3,13,49.45,18,1,2022-04-26 09:05:12
1650963912438656000,49.35,2,49.35,11,49.45,10,2,2022-04-26 09:05:12
1650963912479459000,49.35,1,49.35,10,49.45,10,2,2022-04-26 09:05:12
1650963913677314000,49.35,5,49.35,6,49.4,15,2,2022-04-26 09:05:13
1650963913697985000,49.35,1,49.35,5,49.4,15,2,2022-04-26 09:05:13
1650963914033795000,49.35,1,49.35,9,49.4,17,2,2022-04-26 09:05:14
1650963914134082000,49.35,2,49.35,7,49.4,17,2,2022-04-26 09:05:14
1650963914495656000,49.35,7,49.3,26,49.35,3,2,2022-04-26 09:05:14
1650963914585549000,49.35,1,49.3,26,49.35,2,1,2022-04-26 09:05:14
1650963914758375000,49.35,2,49.3,26,49.4,37,1,2022-04-26 09:05:14
1650963914985731000,49.35,1,49.3,26,49.35,3,2,2022-04-26 09:05:14
1650963915052485000,49.3,12,49.3,14,49.35,4,2,2022-04-26 09:05:15
1650963915114540000,49.3,12,49.3,3,49.35,11,2,2022-04-26 09:05:15
1650963915151495000,49.3,3,49.25,14,49.35,11,2,2022-04-26 09:05:15
1650963915193266000,49.25,12,49.25,2,49.3,1,2,2022-04-26 09:05:15
1650963915229528000,49.25,2,49.2,21,49.3,5,2,2022-04-26 09:05:15
1650963915258857000,49.3,5,49.2,21,49.35,11,1,2022-04-26 09:05:15
1650963915310558000,49.25,1,49.2,21,49.25,4,1,2022-04-26 09:05:15
1650963915502143000,49.2,1,49.2,20,49.3,4,2,2022-04-26 09:05:15
1650963915631578000,49.3,4,49.2,20,49.35,13,1,2022-04-26 09:05:15
