ts,close,volume,bid_price,bid_volume,ask_price,ask_volume,tick_type,datetime
1650445204360830000,32.7,182,32.65,33,32.7,1,1,2022-04-20 09:00:04
1650445204387270000,32.7,1,32.65,33,32.95,4,1,2022-04-20 09:00:04
1650445205689600000,32.65,15,32.65,18,32.8,1,2,2022-04-20 09:00:05
1650445205726232000,32.65,2,32.65,16,32.8,1,2,2022-04-20 09:00:05
1650445205772812000,32.65,2,32.65,14,32.8,1,2,2022-04-20 09:00:05
1650445205803080000,32.8,1,32.65,14,32.95,4,1,2022-04-20 09:00:05
1650445206498538000,32.65,2,32.65,12,32.95,4,2,2022-04-20 09:00:06
1650445207326518000,32.65,2,32.65,10,32.95,4,2,2022-04-20 09:00:07
1650445207843289000,32.65,2,32.65,8,32.7,15,2,2022-04-20 09:00:07
1650445208543652000,32.65,2,32.65,6,32.7,15,2,2022-04-20 09:00:08
1650445209959625000,32.65,2,32.65,4,32.7,15,2,2022-04-20 09:00:09
1650445211375984000,32.65,1,32.65,3,32.7,15,2,2022-04-20 09:00:11
1650445216456353000,32.65,1,32.65,7,32.7,15,2,2022-04-20 09:00:16
1650445216617938000,32.65,1,32.65,6,32.7,15,2,2022-04-20 09:00:16
1650445216625360000,32.65,1,32.65,5,32.7,15,2,2022-04-20 09:00:16
1650445219017898000,32.65,1,32.65,4,32.7,15,2,2022-04-20 09:00:19
1650445219594885000,32.65,2,32.65,2,32.7,15,2,2022-04-20 09:00:19
1650445219932018000,32.7,5,32.65,3,32.7,10,1,2022-04-20 09:00:19
1650445219967288000,32.7,10,32.65,3,32.95,4,1,2022-04-20 09:00:19
1650445223171855000,32.95,1,32.8,1,32.95,3,1,2022-04-20 09:00:23
1650445223181780000,32.8,1,32.3,15,32.95,3,2,2022-04-20 09:00:23
1650445223181780000,32.65,1,32.3,15,32.95,3,2,2022-04-20 09:00:23
1650445223181780000,32.6,1,32.3,15,32.95,3,2,2022-04-20 09:00:23
1650445224301600000,32.95,2,32.3,15,32.95,1,1,2022-04-20 09:00:24
1650445226714060000,32.55,15,32.5,1,32.95,1,1,2022-04-20 09:00:26
1650445227977965000,32.75,1,32.75,9,32.95,1,2,2022-04-20 09:00:27
1650445229878209000,32.95,1,32.75,9,33.0,2,1,2022-04-20 09:00:29
1650445235552701000,32.95,1,32.8,10,33.0,2,1,2022-04-20 09:00:35
1650445239138028000,32.95,1,32.8,10,32.95,2,1,2022-04-20 09:00:39
1650445241269229000,32.95,1,32.8,10,32.95,1,1,2022-04-20 09:00:41
1650445241662455000,32.95,1,32.8,10,33.0,2,1,2022-04-20 09:00:41
1650445242699896000,33.0,1,32.95,8,33.1,1,1,2022-04-20 09:00:42
1650445245474392000,33.0,1,33.0,4,33.05,2,2,2022-04-20 09:00:45
1650445247578069000,33.05,2,33.05,8,33.1,1,1,2022-04-20 09:00:47
1650445247615948000,33.1,1,33.05,8,33.35,1,1,2022-04-20 09:00:47
1650445248149183000,33.35,1,33.1,2,33.5,4,1,2022-04-20 09:00:48
1650445248149183000,33.45,1,33.1,2,33.5,4,1,2022-04-20 09:00:48
1650445248149183000,33.5,1,33.1,2,33.5,4,1,2022-04-20 09:00:48
1650445248334271000,33.15,1,33.1,2,33.5,4,2,2022-04-20 09:00:48
1650445248622572000,33.5,1,33.1,2,33.5,3,1,2022-04-20 09:00:48
1650445249216086000,33.5,3,33.1,2,33.55,7,1,2022-04-20 09:00:49
1650445249216086000,33.55,1,33.1,2,33.55,7,1,2022-04-20 09:00:49
1650445250289222000,33.55,3,33.15,1,33.55,4,1,2022-04-20 09:00:50
1650445251787316000,33.35,1,33.25,1,33.55,4,2,2022-04-20 09:00:51
1650445253421385000,33.5,1,33.3,1,33.5,2,1,2022-04-20 09:00:53
1650445254058423000,33.5,1,33.3,2,33.5,2,1,2022-04-20 09:00:54
1650445254749148000,33.5,2,33.3,2,33.55,7,1,2022-04-20 09:00:54
1650445254749148000,33.55,2,33.3,2,33.55,7,1,2022-04-20 09:00:54
1650445256088888000,33.3,1,33.3,1,33.5,1,2,2022-04-20 09:00:56
1650445256411262000,33.3,1,33.25,9,33.5,1,2,2022-04-20 09:00:56
1650445257496179000,33.5,1,33.25,9,33.55,12,1,2022-04-20 09:00:57
1650445257925848000,33.25,2,33.25,7,33.4,6,2,2022-04-20 09:00:57
1650445258191334000,33.4,6,33.25,7,33.55,3,1,2022-04-20 09:00:58
1650445258191334000,33.55,9,33.25,7,33.55,3,1,2022-04-20 09:00:58
1650445259203942000,33.5,1,33.5,7,33.55,3,2,2022-04-20 09:00:59
1650445259258626000,33.5,5,33.5,2,33.55,3,2,2022-04-20 09:00:59
1650445259291575000,33.5,2,33.35,1,33.55,3,2,2022-04-20 09:00:59
1650445259940159000,33.35,1,33.3,1,33.5,5,2,2022-04-20 09:00:59
1650445260385332000,33.5,1,33.3,1,33.5,4,1,2022-04-20 09:01:00
1650445260660531000,33.5,1,33.3,3,33.5,3,1,2022-04-20 09:01:00
1650445260815172000,33.3,1,33.05,1,33.1,15,2,2022-04-20 09:01:00
1650445260815172000,33.25,7,33.05,1,33.1,15,2,2022-04-20 09:01:00
1650445260815172000,33.15,7,33.05,1,33.1,15,2,2022-04-20 09:01:00
1650445261070571000,33.1,1,33.05,1,33.1,14,1,2022-04-20 09:01:01
1650445261686138000,33.1,1,33.05,1,33.1,16,1,2022-04-20 09:01:01
1650445261795547000,33.1,15,33.05,1,33.1,1,1,2022-04-20 09:01:01
1650445261920240000,33.1,1,33.05,1,33.35,5,1,2022-04-20 09:01:01
1650445262202985000,33.1,2,33.1,1,33.35,5,2,2022-04-20 09:01:02
1650445264082003000,33.3,1,33.1,1,33.3,1,1,2022-04-20 09:01:04
1650445264958385000,33.3,1,33.15,1,33.35,5,1,2022-04-20 09:01:04
1650445267030821000,33.2,2,33.15,2,33.35,5,2,2022-04-20 09:01:07
1650445268490482000,33.15,2,33.0,6,33.3,2,2,2022-04-20 09:01:08
1650445268490482000,33.1,2,33.0,6,33.3,2,2,2022-04-20 09:01:08
1650445268490482000,33.05,1,33.0,6,33.3,2,2,2022-04-20 09:01:08
1650445268490482000,33.0,5,33.0,6,33.3,2,2,2022-04-20 09:01:08
1650445269130447000,33.1,1,33.1,2,33.3,3,2,2022-04-20 09:01:09
1650445269655554000,33.1,2,33.0,6,33.1,33,2,2022-04-20 09:01:09
1650445269688673000,33.0,2,33.0,4,33.1,33,2,2022-04-20 09:01:09
1650445269770492000,33.1,20,33.0,4,33.1,13,1,2022-04-20 09:01:09
1650445271707502000,33.1,1,33.0,6,33.1,19,1,2022-04-20 09:01:11
1650445271755704000,33.1,1,33.0,6,33.1,18,1,2022-04-20 09:01:11
1650445271952355000,33.1,1,33.0,6,33.1,17,1,2022-04-20 09:01:11
1650445273298263000,33.1,1,33.0,6,33.1,16,1,2022-04-20 09:01:13
1650445273416337000,33.1,8,33.0,6,33.1,8,1,2022-04-20 09:01:13
1650445274670799000,33.05,1,33.0,7,33.1,2,1,2022-04-20 09:01:14
1650445274670799000,33.1,6,33.0,7,33.1,2,1,2022-04-20 09:01:14
1650445275346949000,33.1,2,33.0,7,33.4,1,1,2022-04-20 09:01:15
1650445275346949000,33.3,3,33.0,7,33.4,1,1,2022-04-20 09:01:15
1650445275346949000,33.35,5,33.0,7,33.4,1,1,2022-04-20 09:01:15
1650445279034822000,33.35,1,33.0,10,33.4,1,1,2022-04-20 09:01:19
1650445280091911000,33.15,2,33.0,10,33.4,1,2,2022-04-20 09:01:20
1650445280091911000,33.1,2,33.0,10,33.4,1,2,2022-04-20 09:01:20
1650445280487527000,33.25,8,33.25,2,33.35,2,2,2022-04-20 09:01:20
1650445280487830000,33.25,2,33.0,10,33.35,2,2,2022-04-20 09:01:20
1650445280955491000,33.0,10,32.9,1,33.35,2,2,2022-04-20 09:01:20
1650445280955491000,32.95,4,32.9,1,33.35,2,2,2022-04-20 09:01:20
1650445280955491000,32.9,1,32.9,1,33.35,2,2,2022-04-20 09:01:20
1650445282267257000,33.35,2,33.1,1,33.5,3,1,2022-04-20 09:01:22
1650445282267257000,33.4,1,33.1,1,33.5,3,1,2022-04-20 09:01:22
1650445282623536000,33.1,1,32.9,1,33.3,1,2,2022-04-20 09:01:22
1650445284643873000,33.0,2,32.9,1,33.3,1,2,2022-04-20 09:01:24
1650445287658043000,33.1,1,33.0,1,33.3,5,2,2022-04-20 09:01:27
1650445287843710000,33.0,1,32.9,1,33.3,5,2,2022-04-20 09:01:27
1650445288665690000,32.9,1,32.7,7,32.9,1,2,2022-04-20 09:01:28
1650445288712244000,32.7,1,32.7,6,32.9,1,2,2022-04-20 09:01:28
1650445289503650000,32.7,1,32.7,5,32.9,1,2,2022-04-20 09:01:29
1650445290420693000,32.9,1,32.7,5,33.0,2,1,2022-04-20 09:01:30
1650445290631219000,32.75,2,31.55,1,33.0,2,2,2022-04-20 09:01:30
1650445290631219000,32.7,5,31.55,1,33.0,2,2,2022-04-20 09:01:30
1650445290631219000,32.5,5,31.55,1,33.0,2,2,2022-04-20 09:01:30
1650445290631219000,32.05,4,31.55,1,33.0,2,2,2022-04-20 09:01:30
1650445290631219000,32.0,7,31.55,1,33.0,2,2,2022-04-20 09:01:30
1650445290631219000,31.75,1,31.55,1,33.0,2,2,2022-04-20 09:01:30
1650445290631219000,31.6,1,31.55,1,33.0,2,2,2022-04-20 09:01:30
1650445291158666000,32.95,7,33.0,1,33.25,5,1,2022-04-20 09:01:31
1650445291158666000,33.0,2,33.0,1,33.25,5,1,2022-04-20 09:01:31
1650445291178675000,33.0,1,31.55,1,33.25,5,2,2022-04-20 09:01:31
1650445291990178000,33.0,3,31.55,1,33.2,2,2,2022-04-20 09:01:31
1650445295602032000,33.0,1,31.85,2,33.1,1,2,2022-04-20 09:01:35
1650445298532930000,32.95,1,32.2,1,33.0,2,1,2022-04-20 09:01:38
1650445298892998000,32.2,1,31.85,3,33.0,2,2,2022-04-20 09:01:38
1650445298892998000,32.15,2,31.85,3,33.0,2,2,2022-04-20 09:01:38
1650445298892998000,31.85,2,31.85,3,33.0,2,2,2022-04-20 09:01:38
1650445307536805000,32.45,1,32.1,2,32.45,1,1,2022-04-20 09:01:47
1650445309570744000,32.45,1,32.45,1,32.5,2,1,2022-04-20 09:01:49
1650445309601738000,32.45,1,32.1,2,32.5,2,2,2022-04-20 09:01:49
1650445314722274000,32.4,2,32.15,4,32.5,2,1,2022-04-20 09:01:54
1650445316777664000,32.35,1,32.2,2,32.5,1,2,2022-04-20 09:01:56
1650445316777664000,32.2,1,32.2,2,32.5,1,2,2022-04-20 09:01:56
1650445318622521000,32.5,1,32.5,1,32.9,5,1,2022-04-20 09:01:58
1650445320406173000,32.5,1,32.2,2,32.5,4,2,2022-04-20 09:02:00
1650445320758691000,32.2,2,32.15,4,32.45,8,2,2022-04-20 09:02:00
1650445321483658000,32.15,4,32.0,2,32.4,2,2,2022-04-20 09:02:01
1650445321483658000,32.1,3,32.0,2,32.4,2,2,2022-04-20 09:02:01
1650445321483658000,32.05,1,32.0,2,32.4,2,2,2022-04-20 09:02:01
1650445321483658000,32.0,1,32.0,2,32.4,2,2,2022-04-20 09:02:01
1650445323208021000,32.3,2,32.1,1,32.45,7,1,2022-04-20 09:02:03
1650445323208021000,32.35,2,32.1,1,32.45,7,1,2022-04-20 09:02:03
1650445323208021000,32.45,1,32.1,1,32.45,7,1,2022-04-20 09:02:03
1650445326078039000,32.25,2,32.15,3,32.35,1,1,2022-04-20 09:02:06
1650445326158919000,32.15,1,32.15,2,32.35,1,2,2022-04-20 09:02:06
1650445326186356000,32.15,2,32.1,1,32.35,1,2,2022-04-20 09:02:06
1650445326833497000,32.1,1,32.0,1,32.3,1,2,2022-04-20 09:02:06
1650445326833497000,32.0,1,32.0,1,32.3,1,2,2022-04-20 09:02:06
1650445326867970000,32.0,1,31.85,4,32.3,1,2,2022-04-20 09:02:06
1650445333748131000,31.9,1,31.85,5,32.25,2,2,2022-04-20 09:02:13
1650445336658090000,32.0,1,32.0,1,32.25,3,2,2022-04-20 09:02:16
1650445336692568000,32.0,1,31.85,5,32.25,3,2,2022-04-20 09:02:16
1650445339480154000,32.1,1,32.0,1,32.2,6,2,2022-04-20 09:02:19
1650445339891139000,32.2,1,32.05,1,32.2,5,1,2022-04-20 09:02:19
1650445340811114000,32.2,1,32.05,1,32.2,4,1,2022-04-20 09:02:20
1650445340815139000,32.2,1,32.05,1,32.2,3,1,2022-04-20 09:02:20
1650445341369210000,32.2,1,32.05,1,32.2,2,1,2022-04-20 09:02:21
1650445341726527000,32.2,1,32.05,1,32.2,1,1,2022-04-20 09:02:21
1650445344710419000,32.2,1,32.1,1,32.2,1,1,2022-04-20 09:02:24
1650445344945017000,32.2,1,32.1,1,32.25,1,1,2022-04-20 09:02:24
1650445345155057000,32.2,1,32.1,1,32.25,1,2,2022-04-20 09:02:25
1650445345642355000,32.2,1,32.1,1,32.25,1,2,2022-04-20 09:02:25
1650445346795679000,32.1,1,32.05,1,32.2,3,2,2022-04-20 09:02:26
1650445346986123000,32.2,1,32.05,1,32.2,2,1,2022-04-20 09:02:26
1650445349804677000,32.1,1,32.05,1,32.2,3,2,2022-04-20 09:02:29
1650445351790505000,32.15,1,32.15,1,32.2,2,2,2022-04-20 09:02:31
1650445355412316000,32.2,1,32.15,4,32.2,2,1,2022-04-20 09:02:35
1650445357079189000,32.15,2,32.15,3,32.2,2,2,2022-04-20 09:02:37
1650445357100414000,32.15,3,32.1,1,32.2,2,2,2022-04-20 09:02:37
1650445358537945000,32.2,1,32.1,1,32.2,1,1,2022-04-20 09:02:38
1650445359359173000,32.2,1,32.1,1,32.25,1,1,2022-04-20 09:02:39
1650445362861960000,32.25,1,32.2,4,32.25,1,1,2022-04-20 09:02:42
1650445363135754000,32.25,1,32.2,4,32.3,1,1,2022-04-20 09:02:43
1650445364140045000,32.25,1,32.2,4,32.3,1,2,2022-04-20 09:02:44
1650445366748099000,32.3,1,32.25,1,32.4,2,1,2022-04-20 09:02:46
1650445366784916000,32.25,1,32.2,4,32.4,2,2,2022-04-20 09:02:46
1650445369854043000,32.25,2,32.25,4,32.35,1,2,2022-04-20 09:02:49
1650445374411795000,32.35,2,32.4,1,32.45,8,1,2022-04-20 09:02:54
1650445374411795000,32.4,2,32.4,1,32.45,8,1,2022-04-20 09:02:54
1650445379041570000,32.45,1,32.4,1,32.45,7,1,2022-04-20 09:02:59
1650445379210122000,32.45,1,32.4,1,32.45,6,1,2022-04-20 09:02:59
1650445379478784000,32.45,1,32.4,1,32.45,5,1,2022-04-20 09:02:59
1650445379682719000,32.45,1,32.4,1,32.45,4,1,2022-04-20 09:02:59
1650445379899492000,32.45,1,32.4,2,32.45,3,1,2022-04-20 09:02:59
1650445380348237000,32.45,1,32.4,2,32.45,2,1,2022-04-20 09:03:00
1650445380516196000,32.4,2,32.25,14,32.4,3,2,2022-04-20 09:03:00
1650445380668082000,32.4,1,32.25,14,32.4,2,1,2022-04-20 09:03:00
1650445381211828000,32.4,2,32.5,11,32.6,8,1,2022-04-20 09:03:01
1650445381211828000,32.45,2,32.5,11,32.6,8,1,2022-04-20 09:03:01
1650445381211828000,32.5,5,32.5,11,32.6,8,1,2022-04-20 09:03:01
1650445388535002000,32.55,1,32.5,23,32.6,8,2,2022-04-20 09:03:08
1650445388883018000,32.6,1,32.5,23,32.6,7,1,2022-04-20 09:03:08
1650445391181719000,32.6,7,32.6,1,32.65,9,1,2022-04-20 09:03:11
1650445391244654000,32.6,1,32.5,23,32.65,9,2,2022-04-20 09:03:11
1650445395041697000,32.6,1,32.5,26,32.65,9,2,2022-04-20 09:03:15
1650445395616293000,32.6,1,32.5,26,32.65,9,2,2022-04-20 09:03:15
1650445398640918000,32.6,1,32.5,26,32.65,7,1,2022-04-20 09:03:18
1650445398640918000,32.65,2,32.5,26,32.65,7,1,2022-04-20 09:03:18
1650445401120048000,32.65,1,32.5,26,32.65,6,1,2022-04-20 09:03:21
1650445402682582000,32.5,1,32.5,30,32.65,6,2,2022-04-20 09:03:22
1650445404285872000,32.5,3,32.5,27,32.65,6,2,2022-04-20 09:03:24
1650445404782880000,32.5,6,32.5,21,32.55,3,2,2022-04-20 09:03:24
1650445405966900000,32.5,1,32.5,20,32.55,3,2,2022-04-20 09:03:25
1650445406002643000,32.5,20,32.45,4,32.55,3,2,2022-04-20 09:03:26
1650445411290820000,32.5,1,32.45,4,32.55,3,1,2022-04-20 09:03:31
1650445411436223000,32.45,1,32.45,3,32.55,3,2,2022-04-20 09:03:31
1650445411470070000,32.45,3,32.4,5,32.55,3,2,2022-04-20 09:03:31
1650445413239254000,32.4,1,32.4,4,32.45,2,2,2022-04-20 09:03:33
1650445413275121000,32.4,4,32.35,1,32.45,2,2,2022-04-20 09:03:33
1650445427824814000,32.4,1,32.35,2,32.45,3,1,2022-04-20 09:03:47
1650445431397814000,32.35,1,32.35,1,32.45,3,2,2022-04-20 09:03:51
1650445432874798000,32.4,2,32.35,1,32.45,1,2,2022-04-20 09:03:52
1650445436083359000,32.4,1,32.35,1,32.4,6,1,2022-04-20 09:03:56
1650445436204136000,32.35,1,32.25,11,32.4,6,2,2022-04-20 09:03:56
1650445436204136000,32.3,2,32.25,11,32.4,6,2,2022-04-20 09:03:56
1650445436204136000,32.25,3,32.25,11,32.4,6,2,2022-04-20 09:03:56
1650445436254929000,32.25,2,32.25,9,32.35,1,2,2022-04-20 09:03:56
1650445438604192000,32.35,1,32.25,10,32.4,6,1,2022-04-20 09:03:58
1650445444747282000,32.25,2,32.25,11,32.3,3,2,2022-04-20 09:04:04
1650445453781104000,32.3,3,32.4,7,32.45,1,1,2022-04-20 09:04:13
1650445453781104000,32.35,4,32.4,7,32.45,1,1,2022-04-20 09:04:13
1650445453781104000,32.4,6,32.4,7,32.45,1,1,2022-04-20 09:04:13
1650445453813564000,32.4,1,32.4,6,32.45,1,2,2022-04-20 09:04:13
1650445454050924000,32.4,1,32.4,5,32.45,1,2,2022-04-20 09:04:14
1650445457835253000,32.4,1,32.4,4,32.45,1,2,2022-04-20 09:04:17
1650445459408062000,32.4,4,32.25,11,32.4,1,2,2022-04-20 09:04:19
1650445460323003000,32.4,3,32.25,11,32.4,1,1,2022-04-20 09:04:20
1650445472922771000,32.25,1,32.25,11,32.35,1,2,2022-04-20 09:04:32
1650445500549658000,32.35,1,32.3,2,32.4,1,1,2022-04-20 09:05:00
1650445502730370000,32.3,1,32.25,13,32.4,1,2,2022-04-20 09:05:02
1650445506409303000,32.3,1,32.25,13,32.35,5,2,2022-04-20 09:05:06
1650445507503867000,32.3,1,32.25,13,32.3,3,1,2022-04-20 09:05:07
1650445513109006000,32.25,9,32.25,4,32.3,3,2,2022-04-20 09:05:13
1650445513140917000,32.25,4,32.2,14,32.3,3,2,2022-04-20 09:05:13
1650445513402420000,32.2,9,32.2,5,32.25,1,2,2022-04-20 09:05:13
1650445513426865000,32.2,5,32.15,1,32.25,3,2,2022-04-20 09:05:13
1650445513750414000,32.15,1,32.1,1,32.2,5,2,2022-04-20 09:05:13
1650445514714090000,32.1,1,32.0,9,32.2,1,2,2022-04-20 09:05:14
1650445514714090000,32.05,4,32.0,9,32.2,1,2,2022-04-20 09:05:14
1650445514714090000,32.0,1,32.0,9,32.2,1,2,2022-04-20 09:05:14
1650445514985463000,32.0,9,31.95,2,32.15,1,2,2022-04-20 09:05:14
1650445518240025000,32.1,1,31.95,2,32.15,2,1,2022-04-20 09:05:18
1650445519718142000,31.95,1,31.95,1,32.2,1,2,2022-04-20 09:05:19
1650445519747041000,31.95,1,31.9,1,32.2,1,2,2022-04-20 09:05:19
1650445531146232000,32.0,3,32.0,2,32.05,1,1,2022-04-20 09:05:31
1650445540084348000,32.0,1,32.0,1,32.05,1,2,2022-04-20 09:05:40
1650445542531044000,32.0,1,31.95,1,32.0,2,2,2022-04-20 09:05:42
1650445542802481000,31.95,1,31.9,1,32.0,2,2,2022-04-20 09:05:42
1650445543339896000,32.0,2,31.9,1,32.1,1,1,2022-04-20 09:05:43
1650445545761163000,31.9,1,31.7,5,32.05,1,2,2022-04-20 09:05:45
1650445551123462000,31.95,2,31.9,28,32.05,1,2,2022-04-20 09:05:51
1650445551123462000,31.9,2,31.9,28,32.05,1,2,2022-04-20 09:05:51
1650445558563192000,32.0,1,31.95,4,32.0,1,1,2022-04-20 09:05:58
1650445558595180000,32.0,1,31.95,4,32.05,2,1,2022-04-20 09:05:58
1650445584702889000,32.1,1,32.0,10,32.15,2,1,2022-04-20 09:06:24
1650445584948568000,32.15,2,32.0,10,32.2,2,1,2022-04-20 09:06:24
1650445586300123000,32.0,5,32.0,5,32.15,3,2,2022-04-20 09:06:26
1650445595713057000,32.15,1,32.15,2,32.2,3,2,2022-04-20 09:06:35
1650445610837973000,32.05,1,32.05,3,32.2,3,2,2022-04-20 09:06:50
1650445614910429000,32.2,1,32.05,1,32.2,1,1,2022-04-20 09:06:54
1650445616544314000,32.15,1,32.05,3,32.2,1,1,2022-04-20 09:06:56
1650445618351144000,32.15,1,32.1,1,32.2,1,2,2022-04-20 09:06:58
1650445623272402000,32.15,1,32.1,1,32.2,1,2,2022-04-20 09:07:03
1650445634784118000,32.15,1,32.1,1,32.15,1,1,2022-04-20 09:07:14
1650445651699233000,32.15,1,32.1,1,32.15,1,1,2022-04-20 09:07:31
1650445654499197000,32.15,1,32.1,3,32.15,1,1,2022-04-20 09:07:34
1650445662017922000,32.1,1,32.1,2,32.2,1,2,2022-04-20 09:07:42
1650445681360722000,32.15,1,32.1,1,32.15,1,1,2022-04-20 09:08:01
1650445682118580000,32.15,1,32.1,1,32.2,1,1,2022-04-20 09:08:02
1650445682648944000,32.1,1,32.05,4,32.2,1,2,2022-04-20 09:08:02
1650445693580620000,32.1,1,32.1,9,32.15,1,2,2022-04-20 09:08:13
1650445710438178000,32.1,1,32.1,8,32.15,1,2,2022-04-20 09:08:30
1650445710681179000,32.1,8,32.05,4,32.15,1,2,2022-04-20 09:08:30
1650445712262176000,32.05,3,32.05,1,32.2,1,2,2022-04-20 09:08:32
1650445712303573000,32.05,1,32.0,9,32.2,1,2,2022-04-20 09:08:32
1650445721767122000,32.0,4,32.0,6,32.1,3,2,2022-04-20 09:08:41
1650445721801103000,32.0,6,31.95,5,32.1,3,2,2022-04-20 09:08:41
1650445729551291000,31.95,1,31.95,4,32.1,5,2,2022-04-20 09:08:49
1650445729581829000,31.95,4,31.9,8,32.1,5,2,2022-04-20 09:08:49
1650445731187732000,32.0,1,31.9,8,32.0,2,1,2022-04-20 09:08:51
1650445733722985000,31.9,3,31.9,5,31.95,3,2,2022-04-20 09:08:53
1650445733747595000,31.9,5,31.85,1,31.95,3,2,2022-04-20 09:08:53
1650445733776872000,31.85,1,31.8,1,31.95,3,2,2022-04-20 09:08:53
1650445736003180000,31.8,1,31.7,1,31.9,2,2,2022-04-20 09:08:56
1650445736003180000,31.75,1,31.7,1,31.9,2,2,2022-04-20 09:08:56
1650445736003180000,31.7,1,31.7,1,31.9,2,2,2022-04-20 09:08:56
1650445744206086000,31.7,1,31.65,3,31.85,1,2,2022-04-20 09:09:04
1650445748115989000,31.75,1,31.7,23,31.85,1,2,2022-04-20 09:09:08
1650445748892171000,31.7,23,31.7,1,31.85,1,2,2022-04-20 09:09:08
1650445748924133000,31.7,1,31.65,3,31.85,1,2,2022-04-20 09:09:08
1650445749938778000,31.65,1,31.65,4,31.9,1,2,2022-04-20 09:09:09
1650445758521641000,31.75,4,31.65,7,31.9,4,2,2022-04-20 09:09:18
1650445758521641000,31.7,4,31.65,7,31.9,4,2,2022-04-20 09:09:18
1650445758521641000,31.65,2,31.65,7,31.9,4,2,2022-04-20 09:09:18
1650445758573662000,31.8,1,31.65,7,31.85,1,2,2022-04-20 09:09:18
1650445765877834000,31.75,1,31.75,8,31.8,4,1,2022-04-20 09:09:25
1650445771684584000,31.75,5,31.75,3,31.8,8,2,2022-04-20 09:09:31
1650445771722976000,31.75,3,31.7,3,31.8,8,2,2022-04-20 09:09:31
1650445775946716000,31.75,1,31.7,6,31.75,4,1,2022-04-20 09:09:35
1650445777507755000,31.7,1,31.7,9,31.75,6,2,2022-04-20 09:09:37
1650445779372440000,31.75,6,31.7,7,31.75,2,1,2022-04-20 09:09:39
1650445779404518000,31.7,1,31.7,6,31.75,2,2,2022-04-20 09:09:39
1650445783890105000,31.75,2,31.7,6,31.75,1,1,2022-04-20 09:09:43
1650445784323985000,31.7,4,31.7,2,31.75,1,2,2022-04-20 09:09:44
1650445784388624000,31.7,1,31.7,1,31.75,1,2,2022-04-20 09:09:44
1650445787069639000,31.75,1,31.7,1,31.95,6,1,2022-04-20 09:09:47
1650445791683085000,31.95,1,31.7,3,31.95,5,1,2022-04-20 09:09:51
1650445806207402000,31.75,1,31.75,1,31.8,1,2,2022-04-20 09:10:06
1650445806240593000,31.75,1,31.7,5,31.8,1,2,2022-04-20 09:10:06
1650445807148227000,31.7,1,31.7,2,31.8,1,2,2022-04-20 09:10:07
1650445807390799000,31.7,1,31.7,1,31.8,1,2,2022-04-20 09:10:07
1650445807416103000,31.7,1,31.65,2,31.8,1,2,2022-04-20 09:10:07
1650445812375009000,31.7,1,31.65,2,31.8,1,2,2022-04-20 09:10:12
1650445812742667000,31.65,2,31.6,6,31.75,2,2,2022-04-20 09:10:12
1650445813576079000,31.6,3,31.6,3,31.75,1,2,2022-04-20 09:10:13
1650445813613410000,31.6,3,31.55,1,31.75,1,2,2022-04-20 09:10:13
1650445814608197000,31.55,1,31.5,11,31.7,3,2,2022-04-20 09:10:14
1650445814608197000,31.5,1,31.5,11,31.7,3,2,2022-04-20 09:10:14
1650445818764683000,31.55,3,31.55,2,31.65,1,2,2022-04-20 09:10:18
1650445822157758000,31.55,1,31.55,2,31.65,2,2,2022-04-20 09:10:22
1650445824891667000,31.55,1,31.55,2,31.65,2,2,2022-04-20 09:10:24
1650445825478972000,31.55,1,31.55,1,31.65,2,2,2022-04-20 09:10:25
1650445825499050000,31.55,1,31.5,11,31.65,2,2,2022-04-20 09:10:25
1650445830150096000,31.5,1,31.5,12,31.55,2,2,2022-04-20 09:10:30
1650445835439884000,31.55,2,31.6,1,31.65,2,1,2022-04-20 09:10:35
1650445837249569000,31.6,1,31.5,12,31.65,2,2,2022-04-20 09:10:37
1650445837394171000,31.65,1,31.5,12,31.65,1,1,2022-04-20 09:10:37
1650445840746693000,31.55,1,31.5,12,31.65,1,2,2022-04-20 09:10:40
1650445840746693000,31.5,1,31.5,12,31.65,1,2,2022-04-20 09:10:40
1650445842978366000,31.55,3,31.55,1,31.65,1,2,2022-04-20 09:10:42
1650445845868931000,31.6,1,31.5,12,31.95,9,1,2022-04-20 09:10:45
1650445845868931000,31.65,2,31.5,12,31.95,9,1,2022-04-20 09:10:45
1650445845868931000,31.7,1,31.5,12,31.95,9,1,2022-04-20 09:10:45
1650445845868931000,31.75,1,31.5,12,31.95,9,1,2022-04-20 09:10:45
1650445845868931000,31.8,1,31.5,12,31.95,9,1,2022-04-20 09:10:45
1650445845868931000,31.85,1,31.5,12,31.95,9,1,2022-04-20 09:10:45
1650445845868931000,31.9,1,31.5,12,31.95,9,1,2022-04-20 09:10:45
1650445845868931000,31.95,2,31.5,12,31.95,9,1,2022-04-20 09:10:45
1650445852194403000,31.65,1,31.55,1,31.9,2,2,2022-04-20 09:10:52
1650445852598551000,31.55,1,31.5,12,31.9,2,2,2022-04-20 09:10:52
1650445855770259000,31.55,1,31.5,12,31.6,1,2,2022-04-20 09:10:55
1650445860507602000,31.6,1,31.55,3,31.85,1,1,2022-04-20 09:11:00
1650445865248470000,31.6,2,31.55,3,31.85,1,2,2022-04-20 09:11:05
1650445871019934000,31.6,1,31.55,3,31.6,1,2,2022-04-20 09:11:11
1650445871719683000,31.6,1,31.55,3,31.85,2,1,2022-04-20 09:11:11
1650445872761880000,31.85,1,31.55,3,31.85,1,1,2022-04-20 09:11:12
1650445895429242000,31.7,1,31.6,4,31.8,1,2,2022-04-20 09:11:35
1650445920469383000,31.7,1,31.6,3,31.7,1,1,2022-04-20 09:12:00
1650445944123191000,31.7,1,31.65,6,31.75,2,1,2022-04-20 09:12:24
1650445957142226000,31.75,2,31.65,7,31.8,2,1,2022-04-20 09:12:37
1650445980756349000,31.75,1,31.7,3,31.75,2,1,2022-04-20 09:13:00
1650445988042771000,31.7,1,31.7,3,31.75,2,2,2022-04-20 09:13:08
1650445988316352000,31.7,1,31.7,2,31.75,2,2,2022-04-20 09:13:08
1650445988351336000,31.7,2,31.65,7,31.75,2,2,2022-04-20 09:13:08
1650445992875137000,31.65,7,31.6,14,31.7,2,2,2022-04-20 09:13:12
1650445993194107000,31.7,1,31.6,14,31.7,1,1,2022-04-20 09:13:13
1650446002285637000,31.7,1,31.6,14,31.75,2,1,2022-04-20 09:13:22
1650446004804682000,31.6,1,31.6,13,31.75,2,2,2022-04-20 09:13:24
1650446005486979000,31.65,1,31.6,13,31.75,2,2,2022-04-20 09:13:25
1650446007542537000,31.6,2,31.6,11,31.75,2,2,2022-04-20 09:13:27
1650446018245514000,31.7,1,31.6,11,31.75,2,1,2022-04-20 09:13:38
1650446021472669000,31.6,1,31.6,10,31.75,2,2,2022-04-20 09:13:41
1650446045531375000,31.7,1,31.7,3,31.75,2,2,2022-04-20 09:14:05
1650446055828579000,31.7,3,31.6,11,31.75,2,2,2022-04-20 09:14:15
1650446064190183000,31.75,1,31.6,11,31.75,1,1,2022-04-20 09:14:24
1650446076765400000,31.7,1,31.6,11,31.75,1,2,2022-04-20 09:14:36
1650446092418943000,31.75,1,31.7,3,31.8,3,1,2022-04-20 09:14:52
1650446096944717000,31.8,1,31.75,1,31.8,2,1,2022-04-20 09:14:56
1650446097119416000,31.8,1,31.75,1,31.8,1,1,2022-04-20 09:14:57
1650446097295915000,31.8,1,31.75,1,31.85,3,1,2022-04-20 09:14:57
1650446100143690000,31.8,1,31.75,1,31.85,3,2,2022-04-20 09:15:00
1650446100195838000,31.85,1,31.75,1,31.85,2,1,2022-04-20 09:15:00
1650446100575768000,31.85,2,31.75,1,31.9,3,1,2022-04-20 09:15:00
1650446108230985000,31.9,3,31.75,1,31.95,7,1,2022-04-20 09:15:08
1650446116705231000,31.95,7,31.8,1,32.0,8,1,2022-04-20 09:15:16
1650446122862963000,32.0,2,31.9,1,32.0,5,1,2022-04-20 09:15:22
1650446122901923000,32.0,5,31.9,1,32.05,1,1,2022-04-20 09:15:22
1650446124471765000,32.05,1,31.95,3,32.2,3,1,2022-04-20 09:15:24
1650446127644817000,32.15,1,31.95,3,32.2,3,1,2022-04-20 09:15:27
1650446131886187000,32.15,1,32.05,1,32.5,3,1,2022-04-20 09:15:31
1650446131886187000,32.2,3,32.05,1,32.5,3,1,2022-04-20 09:15:31
1650446131886187000,32.3,1,32.05,1,32.5,3,1,2022-04-20 09:15:31
1650446131886187000,32.35,3,32.05,1,32.5,3,1,2022-04-20 09:15:31
1650446131886187000,32.4,1,32.05,1,32.5,3,1,2022-04-20 09:15:31
1650446131886187000,32.5,1,32.05,1,32.5,3,1,2022-04-20 09:15:31
1650446132097586000,32.2,1,32.05,2,32.5,3,1,2022-04-20 09:15:32
1650446132253275000,32.5,1,32.05,2,32.5,2,1,2022-04-20 09:15:32
1650446136002865000,32.4,1,32.15,4,32.45,3,1,2022-04-20 09:15:36
1650446138292987000,32.45,1,32.15,1,32.45,2,1,2022-04-20 09:15:38
1650446140356284000,32.45,2,32.2,1,32.5,1,1,2022-04-20 09:15:40
1650446140356284000,32.5,1,32.2,1,32.5,1,1,2022-04-20 09:15:40
1650446141401459000,32.5,1,32.25,1,32.65,6,1,2022-04-20 09:15:41
1650446141401459000,32.65,5,32.25,1,32.65,6,1,2022-04-20 09:15:41
1650446144470824000,32.5,3,32.2,1,32.65,6,2,2022-04-20 09:15:44
1650446146779610000,32.65,6,32.5,1,32.85,8,1,2022-04-20 09:15:46
1650446146779610000,32.85,1,32.5,1,32.85,8,1,2022-04-20 09:15:46
1650446146832252000,32.85,1,32.55,1,32.85,7,1,2022-04-20 09:15:46
1650446146834354000,32.85,1,32.55,1,32.85,6,1,2022-04-20 09:15:46
1650446147026548000,32.55,1,32.25,1,32.85,6,2,2022-04-20 09:15:47
1650446147026548000,32.5,2,32.25,1,32.85,6,2,2022-04-20 09:15:47
1650446147056244000,32.25,1,32.1,4,32.85,6,2,2022-04-20 09:15:47
1650446147056244000,32.2,1,32.1,4,32.85,6,2,2022-04-20 09:15:47
1650446147056244000,32.1,1,32.1,4,32.85,6,2,2022-04-20 09:15:47
1650446150198445000,32.65,1,32.15,5,32.8,1,1,2022-04-20 09:15:50
1650446156131528000,32.5,1,32.15,2,32.8,4,1,2022-04-20 09:15:56
1650446156131528000,32.6,1,32.15,2,32.8,4,1,2022-04-20 09:15:56
1650446156131528000,32.8,3,32.15,2,32.8,4,1,2022-04-20 09:15:56
1650446161613657000,32.5,1,32.25,2,32.5,6,1,2022-04-20 09:16:01
1650446164943135000,32.5,1,32.25,2,32.5,5,1,2022-04-20 09:16:04
1650446166362070000,32.5,1,32.25,1,32.5,4,1,2022-04-20 09:16:06
1650446166637043000,32.5,1,32.25,1,32.5,3,1,2022-04-20 09:16:06
1650446175750695000,32.45,1,32.3,2,32.45,1,1,2022-04-20 09:16:15
1650446188036244000,32.3,1,32.3,3,32.45,2,2,2022-04-20 09:16:28
1650446193724855000,32.3,2,32.2,1,32.35,2,2,2022-04-20 09:16:33
1650446193724855000,32.25,1,32.2,1,32.35,2,2,2022-04-20 09:16:33
1650446202235240000,32.2,1,32.15,1,32.25,5,2,2022-04-20 09:16:42
1650446205151521000,32.1,7,32.05,4,32.25,5,2,2022-04-20 09:16:45
1650446209085567000,32.2,2,32.1,2,32.25,3,2,2022-04-20 09:16:49
1650446214246150000,32.2,1,32.05,4,32.2,4,1,2022-04-20 09:16:54
1650446222690502000,32.05,3,32.05,1,32.1,1,2,2022-04-20 09:17:02
1650446222729349000,32.05,1,32.0,4,32.1,1,2,2022-04-20 09:17:02
1650446222992959000,32.0,1,32.0,3,32.05,1,2,2022-04-20 09:17:02
1650446223237462000,32.0,3,31.95,3,32.05,1,2,2022-04-20 09:17:03
1650446224229754000,32.05,1,31.95,3,32.2,6,1,2022-04-20 09:17:04
1650446224229754000,32.1,1,31.95,3,32.2,6,1,2022-04-20 09:17:04
1650446224304252000,31.95,1,31.95,2,32.2,6,2,2022-04-20 09:17:04
1650446224328381000,31.95,2,31.8,1,32.2,6,2,2022-04-20 09:17:04
1650446234592500000,31.95,1,31.7,5,32.1,1,2,2022-04-20 09:17:14
1650446234592500000,31.85,2,31.7,5,32.1,1,2,2022-04-20 09:17:14
1650446234592500000,31.8,1,31.7,5,32.1,1,2,2022-04-20 09:17:14
1650446237136769000,31.8,4,31.7,5,31.8,4,1,2022-04-20 09:17:17
1650446237964557000,31.7,4,31.7,1,32.2,16,2,2022-04-20 09:17:17
1650446263901263000,32.05,2,31.95,3,32.1,2,1,2022-04-20 09:17:43
1650446266072868000,31.95,2,31.95,1,32.1,2,2,2022-04-20 09:17:46
1650446266107688000,31.95,1,31.8,1,32.1,2,2,2022-04-20 09:17:46
1650446267887833000,32.05,1,31.8,1,32.1,2,1,2022-04-20 09:17:47
1650446274658536000,31.85,1,31.75,5,32.1,2,2,2022-04-20 09:17:54
1650446274658536000,31.8,1,31.75,5,32.1,2,2,2022-04-20 09:17:54
1650446278261485000,31.75,2,31.75,3,32.1,2,2,2022-04-20 09:17:58
1650446278285120000,31.75,2,31.75,1,32.1,2,2,2022-04-20 09:17:58
1650446278308750000,31.75,1,31.7,4,32.05,1,2,2022-04-20 09:17:58
1650446278308750000,31.7,3,31.7,4,32.05,1,2,2022-04-20 09:17:58
1650446280348312000,31.9,1,31.8,2,32.05,1,2,2022-04-20 09:18:00
1650446308867066000,31.85,1,31.8,1,31.9,1,2,2022-04-20 09:18:28
1650446320499953000,31.85,1,31.8,1,31.9,1,1,2022-04-20 09:18:40
1650446324052525000,31.8,1,31.7,9,31.9,7,2,2022-04-20 09:18:44
1650446324052525000,31.75,1,31.7,9,31.9,7,2,2022-04-20 09:18:44
1650446324074283000,31.7,2,31.7,7,31.9,7,2,2022-04-20 09:18:44
1650446324094453000,31.7,4,31.7,3,31.85,1,2,2022-04-20 09:18:44
1650446324791598000,31.85,1,31.7,3,31.9,7,1,2022-04-20 09:18:44
1650446329069549000,31.85,3,31.85,7,31.9,6,2,2022-04-20 09:18:49
1650446329098790000,31.85,1,31.85,6,31.9,6,2,2022-04-20 09:18:49
1650446329100923000,31.85,6,31.75,1,31.9,6,2,2022-04-20 09:18:49
1650446342434860000,31.85,1,31.8,1,31.85,1,1,2022-04-20 09:19:02
1650446364138284000,31.85,2,31.85,1,31.9,6,2,2022-04-20 09:19:24
1650446392984473000,31.9,2,31.85,1,31.9,5,1,2022-04-20 09:19:52
1650446395525223000,31.85,1,31.7,2,31.9,5,2,2022-04-20 09:19:55
1650446395525223000,31.8,1,31.7,2,31.9,5,2,2022-04-20 09:19:55
1650446395547113000,31.7,2,31.65,4,31.9,5,2,2022-04-20 09:19:55
1650446395570407000,31.65,4,31.6,18,31.85,1,2,2022-04-20 09:19:55
1650446401742074000,31.65,1,31.6,18,31.65,2,1,2022-04-20 09:20:01
1650446407760415000,31.65,1,31.6,18,31.65,1,1,2022-04-20 09:20:07
1650446411256974000,31.65,1,31.6,19,31.65,3,1,2022-04-20 09:20:11
1650446413948990000,31.65,1,31.6,19,31.65,10,1,2022-04-20 09:20:13
1650446414898388000,31.6,2,31.6,17,31.65,2,2,2022-04-20 09:20:14
1650446414924775000,31.6,2,31.6,15,31.65,2,2,2022-04-20 09:20:14
1650446414940997000,31.6,4,31.6,11,31.65,2,2,2022-04-20 09:20:14
1650446415858484000,31.65,2,31.6,11,31.9,4,1,2022-04-20 09:20:15
1650446418375300000,31.9,1,31.65,3,31.9,3,1,2022-04-20 09:20:18
1650446436116822000,31.7,1,31.6,12,31.65,3,2,2022-04-20 09:20:36
1650446436116822000,31.65,5,31.6,12,31.65,3,2,2022-04-20 09:20:36
1650446437440029000,31.65,1,31.6,12,31.65,2,1,2022-04-20 09:20:37
1650446437704670000,31.65,2,31.6,12,31.9,3,1,2022-04-20 09:20:37
1650446460259767000,31.75,1,31.75,2,31.85,1,2,2022-04-20 09:21:00
1650446513420306000,31.85,2,31.85,4,31.9,3,1,2022-04-20 09:21:53
1650446519423518000,31.9,2,31.85,4,31.9,1,1,2022-04-20 09:21:59
1650446525498480000,31.9,1,31.85,4,31.95,1,1,2022-04-20 09:22:05
1650446537535915000,31.95,1,31.9,1,32.0,5,1,2022-04-20 09:22:17
1650446560547061000,32.0,3,31.9,1,32.0,2,1,2022-04-20 09:22:40
1650446570043126000,32.0,2,32.0,2,32.1,6,1,2022-04-20 09:22:50
1650446583027237000,32.0,1,32.0,4,32.1,6,2,2022-04-20 09:23:03
1650446583879949000,32.1,5,32.0,4,32.1,1,1,2022-04-20 09:23:03
1650446585288104000,32.1,1,32.1,4,32.15,3,1,2022-04-20 09:23:05
1650446589483581000,32.15,3,32.15,2,32.2,3,1,2022-04-20 09:23:09
1650446594052319000,32.2,3,32.2,2,32.25,3,1,2022-04-20 09:23:14
1650446613185305000,32.25,2,32.2,6,32.25,1,1,2022-04-20 09:23:33
1650446613219237000,32.25,1,32.2,6,32.3,1,1,2022-04-20 09:23:33
1650446618162557000,32.25,1,32.2,4,32.3,1,1,2022-04-20 09:23:38
1650446625033998000,32.3,1,32.25,3,32.4,8,1,2022-04-20 09:23:45
1650446639695590000,32.3,1,32.3,1,32.4,8,2,2022-04-20 09:23:59
1650446646381570000,32.4,5,32.35,10,32.4,3,1,2022-04-20 09:24:06
1650446646611111000,32.4,3,32.4,2,32.5,3,1,2022-04-20 09:24:06
1650446647445415000,32.4,1,32.4,1,32.5,3,2,2022-04-20 09:24:07
1650446663517648000,32.4,1,32.35,10,32.5,3,2,2022-04-20 09:24:23
1650446676590722000,32.4,1,32.35,6,32.45,1,2,2022-04-20 09:24:36
1650446676590722000,32.35,4,32.35,6,32.45,1,2,2022-04-20 09:24:36
1650446676830414000,32.35,6,32.3,1,32.45,1,2,2022-04-20 09:24:36
1650446686169120000,32.35,1,32.35,1,32.45,1,2,2022-04-20 09:24:46
1650446686201665000,32.35,1,32.25,3,32.45,1,2,2022-04-20 09:24:46
1650446691291027000,32.4,1,32.35,2,32.4,2,1,2022-04-20 09:24:51
1650446699388777000,32.4,1,32.35,2,32.4,1,1,2022-04-20 09:24:59
1650446704071408000,32.4,1,32.35,3,32.45,2,1,2022-04-20 09:25:04
1650446711875422000,32.4,1,32.4,9,32.45,2,1,2022-04-20 09:25:11
1650446715008332000,32.4,3,32.4,6,32.45,2,2,2022-04-20 09:25:15
1650446715040129000,32.4,6,32.35,3,32.45,2,2,2022-04-20 09:25:15
1650446717893751000,32.35,3,32.25,3,32.4,1,2,2022-04-20 09:25:17
1650446727013623000,32.25,3,32.2,1,32.35,1,2,2022-04-20 09:25:27
1650446738409053000,32.25,3,32.25,7,32.3,1,2,2022-04-20 09:25:38
1650446738435438000,32.25,7,32.2,1,32.3,1,2,2022-04-20 09:25:38
1650446750630350000,32.2,1,32.15,1,32.25,1,2,2022-04-20 09:25:50
1650446750692721000,32.15,1,32.0,6,32.25,1,2,2022-04-20 09:25:50
1650446761260988000,32.05,1,32.05,5,32.2,1,1,2022-04-20 09:26:01
1650446775106282000,32.05,1,32.05,4,32.3,2,2,2022-04-20 09:26:15
1650446803548572000,32.0,1,32.0,5,32.1,1,2,2022-04-20 09:26:43
1650446816174497000,32.0,1,32.0,1,32.1,1,2,2022-04-20 09:26:56
1650446818106315000,32.0,1,31.9,2,32.1,1,2,2022-04-20 09:26:58
1650446820866630000,32.0,1,31.9,2,32.1,1,2,2022-04-20 09:27:00
1650446821528339000,32.0,1,31.9,8,32.1,1,1,2022-04-20 09:27:01
1650446860948319000,31.95,3,31.9,4,31.95,47,2,2022-04-20 09:27:40
1650446872338681000,31.95,2,31.9,4,31.95,45,1,2022-04-20 09:27:52
1650446872612981000,31.95,8,31.9,4,31.95,37,1,2022-04-20 09:27:52
1650446900868343000,31.9,1,31.9,4,31.95,37,2,2022-04-20 09:28:20
1650446951092986000,31.95,8,31.9,6,31.95,29,1,2022-04-20 09:29:11
1650446951128139000,31.95,29,31.9,6,32.1,1,1,2022-04-20 09:29:11
1650446978195902000,32.0,1,31.95,2,32.1,1,2,2022-04-20 09:29:38
1650446998910601000,32.1,1,32.05,1,32.3,1,1,2022-04-20 09:29:58
1650447021247038000,32.05,3,32.0,33,32.3,1,2,2022-04-20 09:30:21
1650447077017151000,32.3,1,32.2,5,32.4,8,1,2022-04-20 09:31:17
1650447077017151000,32.35,4,32.2,5,32.4,8,1,2022-04-20 09:31:17
1650447078331326000,32.4,5,32.25,1,32.4,3,1,2022-04-20 09:31:18
1650447078572750000,32.4,3,32.25,1,32.45,7,1,2022-04-20 09:31:18
1650447086860720000,32.45,1,32.25,1,32.45,6,1,2022-04-20 09:31:26
1650447102234914000,32.25,1,32.15,15,32.4,2,2,2022-04-20 09:31:42
1650447102234914000,32.2,5,32.15,15,32.4,2,2,2022-04-20 09:31:42
1650447102958543000,32.4,1,32.15,15,32.4,1,1,2022-04-20 09:31:42
1650447126108788000,32.4,2,32.3,2,32.45,11,1,2022-04-20 09:32:06
1650447130750025000,32.4,1,32.3,2,32.45,11,2,2022-04-20 09:32:10
1650447149936365000,32.4,2,32.3,2,32.45,8,1,2022-04-20 09:32:29
1650447149936365000,32.45,3,32.3,2,32.45,8,1,2022-04-20 09:32:29
1650447150354116000,32.45,5,32.3,2,32.45,3,1,2022-04-20 09:32:30
1650447153464662000,32.45,3,32.45,2,32.5,15,1,2022-04-20 09:32:33
1650447154884413000,32.5,3,32.45,2,32.5,12,1,2022-04-20 09:32:34
1650447155141449000,32.5,8,32.45,2,32.5,4,1,2022-04-20 09:32:35
1650447155174391000,32.5,4,32.45,2,32.55,3,1,2022-04-20 09:32:35
1650447155978318000,32.55,3,32.45,3,32.6,1,1,2022-04-20 09:32:35
1650447167389368000,32.6,1,32.45,4,32.65,11,1,2022-04-20 09:32:47
1650447170338500000,32.65,5,32.45,4,32.65,6,1,2022-04-20 09:32:50
1650447172713661000,32.65,1,32.5,4,32.65,5,1,2022-04-20 09:32:52
1650447173976056000,32.65,2,32.5,4,32.65,3,1,2022-04-20 09:32:53
1650447175070907000,32.65,1,32.5,4,32.65,2,1,2022-04-20 09:32:55
1650447176504361000,32.65,1,32.5,14,32.65,1,1,2022-04-20 09:32:56
1650447177688316000,32.65,1,32.65,1,32.7,3,1,2022-04-20 09:32:57
1650447183133728000,32.65,1,32.65,1,32.7,3,2,2022-04-20 09:33:03
1650447186768248000,32.65,1,32.65,2,32.7,3,2,2022-04-20 09:33:06
1650447193516653000,32.7,2,32.65,2,32.75,5,1,2022-04-20 09:33:13
1650447195113835000,32.75,1,32.65,2,32.75,4,1,2022-04-20 09:33:15
1650447195408979000,32.75,4,32.65,2,32.8,22,1,2022-04-20 09:33:15
1650447195408979000,32.8,2,32.65,2,32.8,22,1,2022-04-20 09:33:15
1650447195459583000,32.8,1,32.65,2,32.8,21,1,2022-04-20 09:33:15
1650447195460805000,32.8,2,32.65,2,32.8,19,1,2022-04-20 09:33:15
1650447198715343000,32.8,1,32.65,2,32.8,18,1,2022-04-20 09:33:18
1650447201468899000,32.8,1,32.7,1,32.8,17,1,2022-04-20 09:33:21
1650447206946716000,32.8,1,32.7,4,32.8,17,1,2022-04-20 09:33:26
1650447209825375000,32.8,2,32.7,5,32.8,15,1,2022-04-20 09:33:29
1650447210137373000,32.8,1,32.7,5,32.8,14,1,2022-04-20 09:33:30
1650447210174074000,32.8,1,32.7,5,32.8,13,1,2022-04-20 09:33:30
1650447211344757000,32.8,10,32.75,1,32.8,3,1,2022-04-20 09:33:31
1650447211605060000,32.8,2,32.75,1,32.8,1,1,2022-04-20 09:33:31
1650447211606782000,32.8,1,32.75,1,32.85,9,1,2022-04-20 09:33:31
1650447213563098000,32.85,1,32.8,1,32.85,8,1,2022-04-20 09:33:33
1650447213936966000,32.8,1,32.75,5,32.85,8,2,2022-04-20 09:33:33
1650447214199914000,32.85,1,32.75,5,32.85,7,1,2022-04-20 09:33:34
1650447214614318000,32.75,2,32.75,3,32.85,7,2,2022-04-20 09:33:34
1650447215432202000,32.85,3,32.75,3,32.85,4,1,2022-04-20 09:33:35
1650447215681005000,32.85,4,32.75,3,32.95,6,1,2022-04-20 09:33:35
1650447220951740000,32.95,1,32.85,6,32.95,5,1,2022-04-20 09:33:40
1650447220978718000,32.95,5,32.85,6,33.0,3,1,2022-04-20 09:33:40
1650447220999208000,33.0,2,32.85,6,33.0,1,1,2022-04-20 09:33:40
1650447221519644000,33.0,1,32.9,1,33.05,1,1,2022-04-20 09:33:41
1650447222053167000,33.05,1,32.9,1,33.1,1,1,2022-04-20 09:33:42
1650447222322937000,33.1,1,32.95,1,33.15,2,1,2022-04-20 09:33:42
1650447225675917000,33.15,2,32.9,2,33.2,6,1,2022-04-20 09:33:45
1650447227205683000,33.1,1,33.15,3,33.2,6,1,2022-04-20 09:33:47
1650447227205683000,33.15,1,33.15,3,33.2,6,1,2022-04-20 09:33:47
1650447227239649000,33.15,3,32.9,2,33.2,6,2,2022-04-20 09:33:47
1650447227842247000,33.2,2,33.15,1,33.2,4,1,2022-04-20 09:33:47
1650447229168044000,33.15,1,32.9,2,33.0,1,2,2022-04-20 09:33:49
1650447229190437000,33.0,1,32.9,3,33.2,4,1,2022-04-20 09:33:49
1650447229273770000,33.2,1,32.95,1,33.2,3,1,2022-04-20 09:33:49
1650447230372390000,33.15,1,32.95,1,33.2,3,1,2022-04-20 09:33:50
1650447231289381000,33.2,1,32.95,2,33.2,2,1,2022-04-20 09:33:51
1650447232643680000,33.15,2,32.95,1,33.15,1,1,2022-04-20 09:33:52
1650447232870461000,33.15,1,33.0,1,33.2,2,1,2022-04-20 09:33:52
1650447233015120000,33.2,1,33.0,1,33.2,1,1,2022-04-20 09:33:53
1650447237546226000,33.15,1,33.1,1,33.15,4,1,2022-04-20 09:33:57
1650447238583441000,33.1,1,33.0,12,33.15,4,2,2022-04-20 09:33:58
1650447238852591000,33.15,1,33.0,12,33.15,3,1,2022-04-20 09:33:58
1650447240866345000,33.15,1,33.0,13,33.15,3,1,2022-04-20 09:34:00
1650447241223545000,33.15,3,33.0,13,33.2,2,1,2022-04-20 09:34:01
1650447241724341000,33.05,1,33.0,9,33.2,2,2,2022-04-20 09:34:01
1650447241724341000,33.0,4,33.0,9,33.2,2,2,2022-04-20 09:34:01
1650447241846623000,33.15,1,33.0,9,33.2,2,1,2022-04-20 09:34:01
1650447244628027000,33.2,4,33.15,5,33.25,1,1,2022-04-20 09:34:04
1650447245460714000,33.25,1,33.15,8,33.3,1,1,2022-04-20 09:34:05
1650447245888746000,33.2,1,33.15,9,33.3,2,2,2022-04-20 09:34:05
1650447246221712000,33.3,1,33.2,1,33.3,1,1,2022-04-20 09:34:06
1650447246459818000,33.3,1,33.15,9,33.35,4,1,2022-04-20 09:34:06
1650447246459818000,33.35,2,33.15,9,33.35,4,1,2022-04-20 09:34:06
1650447246835353000,33.2,2,33.15,10,33.35,4,2,2022-04-20 09:34:06
1650447247247516000,33.3,1,33.15,10,33.35,4,1,2022-04-20 09:34:07
1650447249993603000,33.3,1,33.15,12,33.35,4,1,2022-04-20 09:34:09
1650447250590881000,33.3,1,33.2,1,33.35,4,1,2022-04-20 09:34:10
1650447250807039000,33.2,1,33.15,12,33.35,4,1,2022-04-20 09:34:10
1650447252040909000,33.35,1,33.2,14,33.35,2,1,2022-04-20 09:34:12
1650447254240116000,33.35,2,33.3,1,33.35,1,1,2022-04-20 09:34:14
1650447254258240000,33.35,1,33.3,1,33.4,5,1,2022-04-20 09:34:14
1650447254258240000,33.4,1,33.3,1,33.4,5,1,2022-04-20 09:34:14
1650447254275928000,33.4,4,33.3,1,33.4,1,1,2022-04-20 09:34:14
1650447255476424000,33.35,1,33.3,5,33.4,2,1,2022-04-20 09:34:15
1650447256369642000,33.3,1,33.3,6,33.4,2,2,2022-04-20 09:34:16
1650447258288977000,33.35,1,33.3,6,33.35,1,2,2022-04-20 09:34:18
1650447258630988000,33.35,1,33.3,6,33.4,2,1,2022-04-20 09:34:18
1650447258630988000,33.4,2,33.3,6,33.4,2,1,2022-04-20 09:34:18
1650447260128321000,33.4,1,33.35,8,33.4,2,1,2022-04-20 09:34:20
1650447260273383000,33.35,1,33.35,7,33.4,7,2,2022-04-20 09:34:20
1650447261589909000,33.35,7,33.3,8,33.4,7,2,2022-04-20 09:34:21
1650447261589909000,33.3,3,33.3,8,33.4,7,2,2022-04-20 09:34:21
1650447261690522000,33.3,1,33.3,7,33.4,7,2,2022-04-20 09:34:21
1650447261991592000,33.35,1,33.3,7,33.4,7,1,2022-04-20 09:34:21
1650447262537241000,33.4,4,33.3,8,33.4,3,1,2022-04-20 09:34:22
1650447263373940000,33.3,8,33.2,8,33.25,6,2,2022-04-20 09:34:23
1650447263373940000,33.25,1,33.2,8,33.25,6,2,2022-04-20 09:34:23
1650447263501926000,33.25,3,33.2,8,33.25,3,1,2022-04-20 09:34:23
1650447263526646000,33.25,1,33.2,8,33.25,2,1,2022-04-20 09:34:23
1650447266463736000,33.25,2,33.2,8,33.3,5,1,2022-04-20 09:34:26
1650447268678063000,33.25,1,33.2,13,33.25,1,1,2022-04-20 09:34:28
1650447269450670000,33.25,1,33.2,13,33.25,1,1,2022-04-20 09:34:29
1650447272046270000,33.25,1,33.2,16,33.35,3,1,2022-04-20 09:34:32
1650447272046270000,33.3,5,33.2,16,33.35,3,1,2022-04-20 09:34:32
1650447272046270000,33.35,4,33.2,16,33.35,3,1,2022-04-20 09:34:32
1650447272559442000,33.35,2,33.3,5,33.35,1,1,2022-04-20 09:34:32
1650447272582180000,33.35,1,33.3,5,33.4,3,1,2022-04-20 09:34:32
1650447273038807000,33.4,3,33.35,6,33.45,15,1,2022-04-20 09:34:33
1650447273812059000,33.45,3,33.35,6,33.45,12,1,2022-04-20 09:34:33
1650447273819163000,33.45,2,33.35,6,33.45,10,1,2022-04-20 09:34:33
1650447274054532000,33.45,1,33.35,6,33.45,9,1,2022-04-20 09:34:34
1650447275644028000,33.45,2,33.3,5,33.45,7,1,2022-04-20 09:34:35
1650447275662609000,33.45,4,33.3,5,33.45,3,1,2022-04-20 09:34:35
1650447277930536000,33.45,1,33.3,5,33.45,3,1,2022-04-20 09:34:37
1650447279789933000,33.35,1,33.3,5,33.45,4,2,2022-04-20 09:34:39
1650447287428405000,33.35,2,33.35,35,33.4,5,2,2022-04-20 09:34:47
1650447288206029000,33.4,1,33.35,35,33.4,4,1,2022-04-20 09:34:48
1650447288669347000,33.4,4,33.35,35,33.45,3,1,2022-04-20 09:34:48
1650447288899131000,33.45,3,33.45,2,33.5,2,1,2022-04-20 09:34:48
1650447289676641000,33.45,2,33.35,33,33.5,2,2,2022-04-20 09:34:49
1650447289676641000,33.35,2,33.35,33,33.5,2,2,2022-04-20 09:34:49
1650447289937230000,33.5,2,33.35,33,33.55,21,1,2022-04-20 09:34:49
1650447291866946000,33.5,1,33.4,2,33.5,1,1,2022-04-20 09:34:51
1650447296332153000,33.45,2,33.4,5,33.5,12,2,2022-04-20 09:34:56
1650447296826245000,33.45,1,33.4,5,33.5,12,2,2022-04-20 09:34:56
1650447297908430000,33.45,3,33.4,5,33.5,13,2,2022-04-20 09:34:57
1650447299864494000,33.45,3,33.4,6,33.5,14,2,2022-04-20 09:34:59
1650447300327804000,33.45,1,33.4,5,33.5,14,2,2022-04-20 09:35:00
1650447305992582000,33.4,1,33.4,8,33.45,3,2,2022-04-20 09:35:05
1650447306029775000,33.4,8,33.35,45,33.45,3,2,2022-04-20 09:35:06
1650447306206593000,33.35,5,33.35,40,33.45,3,2,2022-04-20 09:35:06
1650447306742943000,33.45,1,33.35,40,33.45,2,1,2022-04-20 09:35:06
1650447307864988000,33.35,2,33.35,38,33.45,2,2,2022-04-20 09:35:07
1650447307884328000,33.35,2,33.35,36,33.45,2,2,2022-04-20 09:35:07
1650447307915091000,33.35,1,33.35,35,33.45,2,2,2022-04-20 09:35:07
1650447308048871000,33.45,2,33.35,35,33.5,18,1,2022-04-20 09:35:08
1650447308883302000,33.45,1,33.35,35,33.5,20,2,2022-04-20 09:35:08
1650447308973925000,33.35,18,33.35,17,33.5,20,2,2022-04-20 09:35:08
1650447309006078000,33.35,6,33.35,11,33.5,20,2,2022-04-20 09:35:09
1650447309006271000,33.35,11,33.3,3,33.5,20,2,2022-04-20 09:35:09
1650447312764104000,33.3,5,33.3,2,33.35,2,2,2022-04-20 09:35:12
1650447312798880000,33.3,2,33.25,1,33.35,2,2,2022-04-20 09:35:12
1650447314751838000,33.3,1,33.25,1,33.3,4,1,2022-04-20 09:35:14
1650447315000964000,33.25,1,33.2,7,33.3,4,2,2022-04-20 09:35:15
1650447315128480000,33.2,3,33.2,4,33.3,4,2,2022-04-20 09:35:15
1650447315691932000,33.2,2,33.2,2,33.25,1,2,2022-04-20 09:35:15
1650447317023047000,33.25,1,33.2,10,33.3,5,1,2022-04-20 09:35:17
1650447317133400000,33.2,1,33.2,9,33.3,5,2,2022-04-20 09:35:17
1650447318416289000,33.25,1,33.2,1,33.3,4,1,2022-04-20 09:35:18
1650447318416289000,33.3,1,33.2,1,33.3,4,1,2022-04-20 09:35:18
1650447318436292000,33.3,2,33.2,1,33.3,2,1,2022-04-20 09:35:18
1650447318458183000,33.3,2,33.2,1,33.35,4,1,2022-04-20 09:35:18
1650447318458183000,33.35,2,33.2,1,33.35,4,1,2022-04-20 09:35:18
1650447320069320000,33.2,1,33.15,6,33.35,5,1,2022-04-20 09:35:20
1650447323166562000,33.3,2,33.25,1,33.3,3,1,2022-04-20 09:35:23
1650447335235442000,33.3,2,33.25,2,33.3,4,1,2022-04-20 09:35:35
1650447335476361000,33.3,4,33.25,2,33.35,8,1,2022-04-20 09:35:35
1650447336568051000,33.25,1,33.25,3,33.35,8,2,2022-04-20 09:35:36
1650447337777819000,33.3,1,33.25,3,33.35,7,1,2022-04-20 09:35:37
1650447352927831000,33.25,2,33.25,1,33.3,5,2,2022-04-20 09:35:52
1650447352958065000,33.25,1,33.2,13,33.3,5,2,2022-04-20 09:35:52
1650447357126560000,33.25,1,33.2,13,33.3,5,2,2022-04-20 09:35:57
1650447359133490000,33.25,3,33.25,5,33.3,5,2,2022-04-20 09:35:59
1650447360146620000,33.25,1,33.25,4,33.3,4,2,2022-04-20 09:36:00
1650447360634384000,33.3,4,33.2,13,33.35,7,1,2022-04-20 09:36:00
1650447365445460000,33.2,2,33.2,12,33.3,7,2,2022-04-20 09:36:05
1650447365452796000,33.2,1,33.2,11,33.3,7,2,2022-04-20 09:36:05
1650447373987545000,33.2,2,33.2,9,33.25,4,2,2022-04-20 09:36:13
1650447374028101000,33.2,9,33.15,3,33.25,4,2,2022-04-20 09:36:14
1650447377232087000,33.15,2,33.15,1,33.2,4,2,2022-04-20 09:36:17
1650447377256007000,33.15,1,33.1,3,33.15,1,2,2022-04-20 09:36:17
1650447377759833000,33.15,1,33.1,3,33.15,1,1,2022-04-20 09:36:17
1650447377784128000,33.15,1,33.1,3,33.2,4,1,2022-04-20 09:36:17
1650447379803299000,33.2,2,33.1,4,33.2,2,1,2022-04-20 09:36:19
1650447382038535000,33.1,1,33.1,3,33.2,2,2,2022-04-20 09:36:22
1650447383419281000,33.1,1,33.1,2,33.2,2,2,2022-04-20 09:36:23
1650447391216021000,33.2,1,33.15,1,33.2,4,1,2022-04-20 09:36:31
1650447391458992000,33.2,4,33.15,1,33.25,5,1,2022-04-20 09:36:31
1650447394392020000,33.25,5,33.2,1,33.3,8,1,2022-04-20 09:36:34
1650447398161094000,33.3,5,33.25,1,33.3,3,1,2022-04-20 09:36:38
1650447398194562000,33.3,3,33.25,1,33.35,6,1,2022-04-20 09:36:38
1650447399405270000,33.25,2,33.2,5,33.35,6,2,2022-04-20 09:36:39
1650447399650244000,33.35,6,33.3,1,33.4,5,1,2022-04-20 09:36:39
1650447399926259000,33.3,1,33.3,1,33.4,5,2,2022-04-20 09:36:39
1650447406885413000,33.3,1,33.3,2,33.4,5,2,2022-04-20 09:36:46
1650447409527008000,33.4,5,33.35,1,33.45,3,1,2022-04-20 09:36:49
1650447412313610000,33.45,3,33.35,1,33.5,15,1,2022-04-20 09:36:52
1650447412975048000,33.5,15,33.35,1,33.55,18,1,2022-04-20 09:36:52
1650447412975048000,33.55,3,33.35,1,33.55,18,1,2022-04-20 09:36:52
1650447413075248000,33.55,4,33.35,4,33.55,14,1,2022-04-20 09:36:53
1650447413222242000,33.55,8,33.35,4,33.55,6,1,2022-04-20 09:36:53
1650447413662043000,33.55,6,33.35,4,33.6,9,1,2022-04-20 09:36:53
1650447413752391000,33.6,5,33.4,1,33.6,4,1,2022-04-20 09:36:53
1650447413889414000,33.6,1,33.4,1,33.6,3,1,2022-04-20 09:36:53
1650447413940784000,33.6,1,33.4,1,33.6,2,1,2022-04-20 09:36:53
1650447414176780000,33.6,1,33.45,1,33.6,1,1,2022-04-20 09:36:54
1650447414229883000,33.6,1,33.45,1,33.7,1,1,2022-04-20 09:36:54
1650447414229883000,33.65,18,33.45,1,33.7,1,1,2022-04-20 09:36:54
1650447414230204000,33.7,1,33.7,18,33.75,2,1,2022-04-20 09:36:54
1650447414263141000,33.75,2,33.7,18,33.8,1,1,2022-04-20 09:36:54
1650447414445080000,33.8,1,33.75,1,33.85,1,1,2022-04-20 09:36:54
1650447414460315000,33.85,1,33.75,1,33.9,3,1,2022-04-20 09:36:54
1650447414469117000,33.9,1,33.75,1,33.9,2,1,2022-04-20 09:36:54
1650447414483448000,33.75,1,33.7,18,33.9,2,2,2022-04-20 09:36:54
1650447414491355000,33.7,1,33.7,17,33.9,2,2,2022-04-20 09:36:54
1650447414627763000,33.9,1,33.75,2,33.9,1,1,2022-04-20 09:36:54
1650447414639501000,33.9,1,33.75,2,33.95,2,1,2022-04-20 09:36:54
1650447415301371000,33.95,2,33.75,2,34.0,5,1,2022-04-20 09:36:55
1650447415722548000,34.0,5,33.8,1,34.15,1,1,2022-04-20 09:36:55
1650447416374946000,34.15,1,33.9,1,34.2,4,1,2022-04-20 09:36:56
1650447417467857000,34.2,3,34.0,1,34.2,1,1,2022-04-20 09:36:57
1650447417505297000,34.2,1,34.0,1,34.25,1,1,2022-04-20 09:36:57
1650447417505297000,34.25,2,34.0,1,34.25,1,1,2022-04-20 09:36:57
1650447418583335000,34.2,3,34.05,1,34.25,1,1,2022-04-20 09:36:58
1650447420882072000,34.2,3,33.95,1,34.35,1,1,2022-04-20 09:37:00
1650447420882072000,34.25,1,33.95,1,34.35,1,1,2022-04-20 09:37:00
1650447421849884000,34.15,1,33.95,1,34.15,7,1,2022-04-20 09:37:01
1650447421863840000,34.15,1,33.95,1,34.15,6,1,2022-04-20 09:37:01
1650447421993069000,34.15,1,33.95,1,34.15,5,1,2022-04-20 09:37:01
1650447423105809000,34.0,1,33.9,3,34.15,5,2,2022-04-20 09:37:03
1650447424662045000,34.0,1,33.9,2,34.1,6,1,2022-04-20 09:37:04
1650447424746205000,33.9,2,33.75,4,33.9,6,2,2022-04-20 09:37:04
1650447425089841000,33.9,1,33.8,1,33.9,5,1,2022-04-20 09:37:05
1650447429995020000,33.9,1,33.75,1,33.9,4,1,2022-04-20 09:37:09
1650447430360009000,33.9,1,33.75,1,33.9,3,1,2022-04-20 09:37:10
1650447432031194000,33.9,4,33.75,1,34.0,1,1,2022-04-20 09:37:12
1650447433390303000,33.8,1,33.7,14,34.0,1,2,2022-04-20 09:37:13
1650447433390303000,33.75,1,33.7,14,34.0,1,2,2022-04-20 09:37:13
1650447433390303000,33.7,3,33.7,14,34.0,1,2,2022-04-20 09:37:13
1650447435413348000,33.9,1,33.7,14,33.95,1,1,2022-04-20 09:37:15
1650447441924908000,33.7,8,33.7,6,33.85,1,2,2022-04-20 09:37:21
1650447444021390000,33.7,5,33.7,1,33.8,1,2,2022-04-20 09:37:24
1650447444240017000,33.7,1,33.5,5,33.8,1,2,2022-04-20 09:37:24
1650447447699003000,33.75,1,33.75,3,33.8,2,2,2022-04-20 09:37:27
1650447448216802000,33.75,1,33.75,2,33.8,2,2,2022-04-20 09:37:28
1650447449010873000,33.75,1,33.75,1,33.8,4,2,2022-04-20 09:37:29
1650447449458133000,33.75,1,33.7,3,33.8,4,2,2022-04-20 09:37:29
1650447451631455000,33.8,1,33.7,5,33.8,3,1,2022-04-20 09:37:31
1650447454439981000,33.7,1,33.7,7,33.8,4,2,2022-04-20 09:37:34
1650447458172246000,33.8,3,33.75,2,33.8,2,1,2022-04-20 09:37:38
1650447458209026000,33.8,2,33.75,2,33.85,2,1,2022-04-20 09:37:38
1650447459859996000,33.8,1,33.75,2,34.0,6,1,2022-04-20 09:37:39
1650447459859996000,33.85,2,33.75,2,34.0,6,1,2022-04-20 09:37:39
1650447459859996000,33.9,4,33.75,2,34.0,6,1,2022-04-20 09:37:39
1650447459859996000,33.95,3,33.75,2,34.0,6,1,2022-04-20 09:37:39
1650447460067105000,34.0,6,34.0,4,34.05,1,1,2022-04-20 09:37:40
1650447460756020000,34.05,1,34.0,14,34.15,7,1,2022-04-20 09:37:40
1650447465080898000,34.1,1,34.0,14,34.15,5,1,2022-04-20 09:37:45
1650447465080898000,34.15,2,34.0,14,34.15,5,1,2022-04-20 09:37:45
1650447465587911000,34.0,1,34.0,13,34.15,5,2,2022-04-20 09:37:45
1650447465677919000,34.15,2,34.0,13,34.15,3,1,2022-04-20 09:37:45
1650447468119671000,34.1,1,34.05,2,34.15,3,2,2022-04-20 09:37:48
1650447468544492000,34.1,1,34.05,2,34.15,3,1,2022-04-20 09:37:48
1650447469466144000,34.1,2,34.05,2,34.15,2,1,2022-04-20 09:37:49
1650447469466144000,34.15,1,34.05,2,34.15,2,1,2022-04-20 09:37:49
1650447470637380000,34.1,1,34.15,1,34.2,4,1,2022-04-20 09:37:50
1650447470637380000,34.15,2,34.15,1,34.2,4,1,2022-04-20 09:37:50
1650447472746277000,34.15,1,34.1,1,34.15,2,2,2022-04-20 09:37:52
1650447472922423000,34.15,2,34.1,1,34.2,4,1,2022-04-20 09:37:52
1650447473510929000,34.2,2,34.1,1,34.2,2,1,2022-04-20 09:37:53
1650447473533277000,34.1,1,34.05,1,34.1,3,2,2022-04-20 09:37:53
1650447475093889000,34.1,2,34.05,3,34.1,1,1,2022-04-20 09:37:55
1650447477434456000,34.05,2,34.05,1,34.1,6,2,2022-04-20 09:37:57
1650447477465175000,34.05,1,34.0,16,34.1,6,2,2022-04-20 09:37:57
1650447477705042000,34.0,8,34.0,8,34.1,6,2,2022-04-20 09:37:57
1650447477881821000,34.1,2,34.0,6,34.1,4,1,2022-04-20 09:37:57
1650447478797389000,34.0,1,34.0,5,34.1,4,2,2022-04-20 09:37:58
1650447479123450000,34.0,5,33.75,4,34.05,1,2,2022-04-20 09:37:59
1650447486716885000,34.0,2,33.8,2,34.0,5,1,2022-04-20 09:38:06
1650447499673056000,33.95,1,33.85,1,33.95,6,1,2022-04-20 09:38:19
1650447502037424000,33.9,1,33.85,13,33.9,1,1,2022-04-20 09:38:22
1650447502064462000,33.9,1,33.85,13,33.95,7,1,2022-04-20 09:38:22
1650447502261940000,33.95,1,33.85,13,33.95,6,1,2022-04-20 09:38:22
1650447502422377000,33.95,1,33.85,13,33.95,5,1,2022-04-20 09:38:22
1650447502431410000,33.95,1,33.85,13,33.95,4,1,2022-04-20 09:38:22
1650447502487031000,33.85,3,33.85,10,33.95,4,2,2022-04-20 09:38:22
1650447507058855000,33.85,3,33.85,7,33.9,2,2,2022-04-20 09:38:27
1650447507526374000,33.85,1,33.85,6,33.9,2,2,2022-04-20 09:38:27
1650447509407521000,33.85,6,33.8,8,33.85,3,2,2022-04-20 09:38:29
1650447509410279000,33.8,1,33.8,7,33.85,3,2,2022-04-20 09:38:29
1650447510783968000,33.8,1,33.8,6,33.85,6,2,2022-04-20 09:38:30
1650447511632591000,33.85,1,33.8,6,33.85,6,1,2022-04-20 09:38:31
1650447520904875000,33.8,2,33.8,6,33.85,10,2,2022-04-20 09:38:40
1650447521053973000,33.8,5,33.8,1,33.85,10,2,2022-04-20 09:38:41
1650447521229982000,33.8,1,33.75,2,33.85,10,2,2022-04-20 09:38:41
1650447523954866000,33.75,1,33.75,1,33.85,10,2,2022-04-20 09:38:43
1650447525761481000,33.85,1,33.75,1,33.85,9,1,2022-04-20 09:38:45
1650447527649579000,33.8,1,33.8,1,33.85,9,1,2022-04-20 09:38:47
1650447532314421000,33.8,1,33.75,3,33.85,9,2,2022-04-20 09:38:52
1650447536992336000,33.8,1,33.75,3,33.8,2,1,2022-04-20 09:38:56
1650447537809692000,33.8,1,33.75,3,33.8,1,1,2022-04-20 09:38:57
1650447537842537000,33.8,1,33.75,3,33.85,15,1,2022-04-20 09:38:57
1650447537851397000,33.75,1,33.75,2,33.85,15,2,2022-04-20 09:38:57
1650447540230819000,33.75,1,33.75,1,33.8,1,2,2022-04-20 09:39:00
1650447540413327000,33.75,1,33.75,1,33.8,1,2,2022-04-20 09:39:00
1650447540822012000,33.8,1,33.75,1,33.85,15,1,2022-04-20 09:39:00
1650447541270903000,33.75,1,33.7,10,33.85,15,2,2022-04-20 09:39:01
1650447543609332000,33.7,2,33.7,7,33.85,15,2,2022-04-20 09:39:03
1650447547253084000,33.75,5,33.7,6,33.8,6,2,2022-04-20 09:39:07
1650447547253084000,33.7,2,33.7,6,33.8,6,2,2022-04-20 09:39:07
1650447553310201000,33.75,1,33.7,6,33.8,13,2,2022-04-20 09:39:13
1650447556531904000,33.75,1,33.7,6,33.8,13,1,2022-04-20 09:39:16
1650447573307082000,33.75,2,33.7,7,33.8,14,2,2022-04-20 09:39:33
1650447586569398000,33.7,1,33.7,6,33.75,10,2,2022-04-20 09:39:46
1650447589548183000,33.7,6,33.65,2,33.75,8,2,2022-04-20 09:39:49
1650447591554568000,33.7,1,33.65,2,33.7,4,1,2022-04-20 09:39:51
1650447599774204000,33.65,1,33.6,22,33.65,1,2,2022-04-20 09:39:59
1650447602486409000,33.6,2,33.6,20,33.65,1,2,2022-04-20 09:40:02
1650447604861614000,33.65,2,33.6,20,33.7,4,1,2022-04-20 09:40:04
1650447605068389000,33.6,1,33.6,19,33.7,4,2,2022-04-20 09:40:05
1650447605831558000,33.6,1,33.6,18,33.7,4,2,2022-04-20 09:40:05
1650447606811883000,33.6,2,33.6,16,33.7,4,2,2022-04-20 09:40:06
1650447607736796000,33.6,1,33.6,15,33.65,3,2,2022-04-20 09:40:07
1650447609811750000,33.6,1,33.6,14,33.65,3,2,2022-04-20 09:40:09
1650447610023604000,33.65,1,33.6,14,33.65,2,1,2022-04-20 09:40:10
1650447611446365000,33.6,14,33.55,1,33.6,6,2,2022-04-20 09:40:11
1650447615279314000,33.55,1,33.5,13,33.55,2,2,2022-04-20 09:40:15
1650447616516460000,33.5,1,33.5,12,33.55,2,2,2022-04-20 09:40:16
1650447618154575000,33.5,1,33.5,11,33.55,2,2,2022-04-20 09:40:18
1650447620512584000,33.5,2,33.5,9,33.55,2,2,2022-04-20 09:40:20
1650447621720024000,33.5,1,33.5,8,33.55,2,2,2022-04-20 09:40:21
1650447622262750000,33.5,2,33.5,6,33.55,2,2,2022-04-20 09:40:22
1650447626360568000,33.5,2,33.5,4,33.55,2,2,2022-04-20 09:40:26
1650447627812029000,33.5,1,33.5,3,33.55,2,2,2022-04-20 09:40:27
1650447628071754000,33.5,3,33.45,1,33.5,8,2,2022-04-20 09:40:28
1650447628387507000,33.5,5,33.45,1,33.5,3,1,2022-04-20 09:40:28
1650447636191227000,33.45,1,33.4,2,33.45,3,2,2022-04-20 09:40:36
1650447640752068000,33.45,3,33.4,4,33.5,4,1,2022-04-20 09:40:40
1650447642369685000,33.45,2,33.35,2,33.5,4,2,2022-04-20 09:40:42
1650447642369685000,33.4,4,33.35,2,33.5,4,2,2022-04-20 09:40:42
1650447642369685000,33.35,4,33.35,2,33.5,4,2,2022-04-20 09:40:42
1650447644446148000,33.45,1,33.45,1,33.5,4,2,2022-04-20 09:40:44
1650447660488588000,33.45,1,33.45,2,33.5,5,2,2022-04-20 09:41:00
1650447662613007000,33.5,1,33.45,2,33.5,4,1,2022-04-20 09:41:02
1650447662648809000,33.5,1,33.45,2,33.5,3,1,2022-04-20 09:41:02
1650447662681435000,33.5,3,33.45,2,33.55,1,1,2022-04-20 09:41:02
1650447670275980000,33.5,1,33.4,1,33.55,1,2,2022-04-20 09:41:10
1650447670275980000,33.45,2,33.4,1,33.55,1,2,2022-04-20 09:41:10
1650447675556029000,33.55,1,33.4,1,33.6,5,1,2022-04-20 09:41:15
1650447675556029000,33.6,1,33.4,1,33.6,5,1,2022-04-20 09:41:15
1650447691101053000,33.55,1,33.45,4,33.55,3,2,2022-04-20 09:41:31
1650447709771706000,33.45,1,33.45,5,33.5,20,2,2022-04-20 09:41:49
1650447709771738000,33.45,5,33.4,1,33.5,20,2,2022-04-20 09:41:49
1650447713698441000,33.35,1,33.35,2,33.45,3,2,2022-04-20 09:41:53
1650447727290325000,33.35,1,33.35,1,33.4,1,2,2022-04-20 09:42:07
1650447729592658000,33.35,1,33.3,2,33.4,1,2,2022-04-20 09:42:09
1650447729592658000,33.3,1,33.3,2,33.4,1,2,2022-04-20 09:42:09
1650447730197165000,33.4,1,33.3,2,33.5,21,1,2022-04-20 09:42:10
1650447759601958000,33.4,1,33.35,3,33.45,2,2,2022-04-20 09:42:39
1650447769794585000,33.4,2,33.4,8,33.5,21,1,2022-04-20 09:42:49
1650447771265722000,33.5,1,33.4,8,33.5,20,1,2022-04-20 09:42:51
1650447771413335000,33.5,11,33.4,8,33.5,9,1,2022-04-20 09:42:51
1650447779739464000,33.5,5,33.45,3,33.5,4,1,2022-04-20 09:42:59
1650447779983649000,33.5,1,33.45,3,33.5,3,1,2022-04-20 09:42:59
1650447781482250000,33.5,1,33.45,3,33.5,2,1,2022-04-20 09:43:01
1650447782431748000,33.5,1,33.45,3,33.5,2,1,2022-04-20 09:43:02
1650447782858661000,33.5,1,33.45,3,33.5,1,1,2022-04-20 09:43:02
1650447784235853000,33.5,1,33.5,1,33.6,7,1,2022-04-20 09:43:04
1650447787341884000,33.5,1,33.5,2,33.6,7,2,2022-04-20 09:43:07
1650447788510795000,33.6,3,33.5,2,33.6,4,1,2022-04-20 09:43:08
1650447794867583000,33.6,2,33.55,3,33.6,2,1,2022-04-20 09:43:14
1650447798362635000,33.6,1,33.55,2,33.6,1,1,2022-04-20 09:43:18
1650447799191073000,33.6,1,33.55,2,33.7,6,1,2022-04-20 09:43:19
1650447801418539000,33.6,2,33.55,1,33.6,1,2,2022-04-20 09:43:21
1650447804712066000,33.6,1,33.5,4,33.7,6,1,2022-04-20 09:43:24
1650447807588529000,33.5,1,33.5,3,33.7,5,2,2022-04-20 09:43:27
1650447810133856000,33.5,3,33.45,2,33.6,5,2,2022-04-20 09:43:30
1650447825038961000,33.6,2,33.45,4,33.6,3,1,2022-04-20 09:43:45
1650447832513460000,33.55,1,33.5,6,33.6,3,1,2022-04-20 09:43:52
1650447837467979000,33.55,1,33.5,6,33.6,3,2,2022-04-20 09:43:57
1650447840241848000,33.6,1,33.5,6,33.6,3,1,2022-04-20 09:44:00
1650447841952904000,33.55,2,33.5,6,33.6,3,2,2022-04-20 09:44:01
1650447858894798000,33.5,6,33.45,4,33.55,2,2,2022-04-20 09:44:18
1650447858922764000,33.45,4,33.4,9,33.55,2,2,2022-04-20 09:44:18
1650447861967382000,33.4,8,33.4,1,33.55,5,2,2022-04-20 09:44:21
1650447861985122000,33.4,1,33.35,4,33.5,2,2,2022-04-20 09:44:21
1650447865613050000,33.35,1,33.35,3,33.4,1,2,2022-04-20 09:44:25
1650447865633983000,33.35,3,33.3,1,33.4,1,2,2022-04-20 09:44:25
1650447868468358000,33.35,1,33.3,1,33.4,1,1,2022-04-20 09:44:28
1650447870810169000,33.3,1,33.25,2,33.3,1,2,2022-04-20 09:44:30
1650447873810854000,33.25,1,33.25,1,33.3,1,2,2022-04-20 09:44:33
1650447880324467000,33.25,1,33.2,9,33.3,1,2,2022-04-20 09:44:40
1650447890566016000,33.25,1,33.2,8,33.25,3,1,2022-04-20 09:44:50
1650447894352756000,33.2,3,33.2,6,33.25,3,2,2022-04-20 09:44:54
1650447897526800000,33.2,1,33.2,5,33.25,4,2,2022-04-20 09:44:57
1650447898040927000,33.2,1,33.2,4,33.25,4,2,2022-04-20 09:44:58
1650447899736273000,33.2,1,33.2,3,33.25,4,2,2022-04-20 09:44:59
1650447900582193000,33.2,3,33.1,2,33.25,4,2,2022-04-20 09:45:00
1650447900582193000,33.15,1,33.1,2,33.25,4,2,2022-04-20 09:45:00
1650447906749886000,33.15,5,33.1,1,33.15,10,1,2022-04-20 09:45:06
1650447907729311000,33.1,1,33.05,3,33.15,10,2,2022-04-20 09:45:07
1650447917003920000,33.05,3,33.05,1,33.15,13,2,2022-04-20 09:45:17
1650447923584566000,33.05,1,33.0,16,33.05,1,2,2022-04-20 09:45:23
1650447923988040000,33.05,1,33.0,16,33.15,10,1,2022-04-20 09:45:23
1650447923988040000,33.1,4,33.0,16,33.15,10,1,2022-04-20 09:45:23
1650447925105817000,33.05,2,33.0,16,33.15,10,1,2022-04-20 09:45:25
1650447938148080000,33.15,4,33.05,4,33.15,6,1,2022-04-20 09:45:38
1650447938172785000,33.15,6,33.05,3,33.25,1,1,2022-04-20 09:45:38
1650447944541039000,33.1,2,33.1,1,33.25,1,2,2022-04-20 09:45:44
1650447947094876000,33.1,1,33.05,7,33.25,1,2,2022-04-20 09:45:47
1650447956816722000,33.25,1,33.1,1,33.45,2,1,2022-04-20 09:45:56
1650447958148068000,33.1,1,33.1,2,33.45,3,2,2022-04-20 09:45:58
1650447962188156000,33.2,1,33.15,2,33.45,3,1,2022-04-20 09:46:02
1650447975652224000,33.2,2,33.15,2,33.3,1,2,2022-04-20 09:46:15
1650447982711440000,33.2,1,33.15,2,33.3,1,2,2022-04-20 09:46:22
1650448001058647000,33.2,1,33.15,1,33.3,1,2,2022-04-20 09:46:41
1650448001406789000,33.3,1,33.15,1,33.35,2,1,2022-04-20 09:46:41
1650448009382481000,33.3,1,33.15,1,33.35,2,2,2022-04-20 09:46:49
1650448025242236000,33.15,1,33.15,1,33.35,2,2,2022-04-20 09:47:05
1650448037190748000,33.3,1,33.2,1,33.3,4,1,2022-04-20 09:47:17
1650448037382145000,33.2,1,33.15,1,33.25,2,2,2022-04-20 09:47:17
1650448065984463000,33.2,1,33.15,1,33.3,4,2,2022-04-20 09:47:45
1650448093505656000,33.15,1,33.1,3,33.25,2,2,2022-04-20 09:48:13
1650448103451832000,33.1,2,33.05,4,33.2,1,2,2022-04-20 09:48:23
1650448105776542000,33.2,1,33.05,4,33.3,4,1,2022-04-20 09:48:25
1650448105776542000,33.25,2,33.05,4,33.3,4,1,2022-04-20 09:48:25
1650448114328889000,33.3,1,33.05,7,33.3,4,1,2022-04-20 09:48:34
1650448117172955000,33.3,1,33.05,9,33.3,2,1,2022-04-20 09:48:37
1650448161235310000,33.3,1,33.1,7,33.3,2,1,2022-04-20 09:49:21
1650448194304294000,33.3,1,33.15,3,33.3,1,1,2022-04-20 09:49:54
1650448197739598000,33.3,1,33.3,1,33.35,3,1,2022-04-20 09:49:57
1650448238182643000,33.3,1,33.3,1,33.35,4,2,2022-04-20 09:50:38
1650448238217503000,33.3,1,33.15,3,33.35,4,2,2022-04-20 09:50:38
1650448243289670000,33.15,1,33.15,2,33.35,4,2,2022-04-20 09:50:43
1650448253751484000,33.35,1,33.15,2,33.35,3,1,2022-04-20 09:50:53
1650448264539007000,33.15,1,33.15,1,33.35,3,2,2022-04-20 09:51:04
1650448276756046000,33.15,1,33.1,5,33.35,5,2,2022-04-20 09:51:16
1650448288340374000,33.15,1,33.15,1,33.35,4,2,2022-04-20 09:51:28
1650448350992677000,33.3,1,33.2,1,33.35,4,2,2022-04-20 09:52:30
1650448365628314000,33.2,1,33.2,1,33.35,4,2,2022-04-20 09:52:45
1650448373924512000,33.35,1,33.2,1,33.35,3,1,2022-04-20 09:52:53
1650448376044272000,33.2,1,33.15,6,33.35,3,2,2022-04-20 09:52:56
1650448384229557000,33.35,3,33.2,1,33.4,1,1,2022-04-20 09:53:04
1650448384229557000,33.4,1,33.2,1,33.4,1,1,2022-04-20 09:53:04
1650448393764014000,33.4,1,33.2,2,33.45,6,1,2022-04-20 09:53:13
1650448410423085000,33.45,5,33.25,2,33.45,1,1,2022-04-20 09:53:30
1650448415790011000,33.45,1,33.25,2,33.5,9,1,2022-04-20 09:53:35
1650448429281573000,33.45,1,33.25,2,33.45,6,1,2022-04-20 09:53:49
1650448430381996000,33.45,1,33.25,2,33.45,5,1,2022-04-20 09:53:50
1650448431625856000,33.45,1,33.25,2,33.45,3,1,2022-04-20 09:53:51
1650448441743264000,33.45,1,33.25,2,33.45,4,1,2022-04-20 09:54:01
1650448459360039000,33.35,3,33.25,2,33.45,5,2,2022-04-20 09:54:19
1650448469054285000,33.25,1,33.25,1,33.4,2,2,2022-04-20 09:54:29
1650448469091913000,33.25,1,33.2,2,33.4,2,2,2022-04-20 09:54:29
1650448482737689000,33.2,2,33.15,9,33.25,2,2,2022-04-20 09:54:42
1650448482763763000,33.15,2,33.15,7,33.25,2,2,2022-04-20 09:54:42
1650448482974774000,33.15,7,33.1,5,33.25,2,2,2022-04-20 09:54:42
1650448503062243000,33.15,1,33.15,3,33.25,1,2,2022-04-20 09:55:03
1650448512465696000,33.15,1,33.15,3,33.25,2,2,2022-04-20 09:55:12
1650448512710351000,33.15,3,33.1,5,33.25,2,2,2022-04-20 09:55:12
1650448524129397000,33.1,1,33.1,4,33.2,2,2,2022-04-20 09:55:24
1650448524161593000,33.1,4,33.05,3,33.2,2,2,2022-04-20 09:55:24
1650448543118996000,33.05,1,33.05,3,33.1,1,2,2022-04-20 09:55:43
1650448543281899000,33.05,1,33.05,2,33.1,1,2,2022-04-20 09:55:43
1650448545465392000,33.05,2,33.0,45,33.1,1,2,2022-04-20 09:55:45
1650448546986623000,33.0,24,33.0,21,33.05,5,2,2022-04-20 09:55:46
1650448547233875000,33.0,8,33.0,13,33.05,5,2,2022-04-20 09:55:47
1650448547699985000,33.0,1,33.0,12,33.05,5,2,2022-04-20 09:55:47
1650448548116475000,33.0,1,33.0,11,33.05,5,2,2022-04-20 09:55:48
1650448548380565000,33.0,2,33.0,9,33.05,5,2,2022-04-20 09:55:48
1650448548949166000,33.0,2,33.0,7,33.05,5,2,2022-04-20 09:55:48
1650448549412909000,33.0,1,33.0,6,33.05,5,2,2022-04-20 09:55:49
1650448549815764000,33.0,6,32.8,10,33.05,5,2,2022-04-20 09:55:49
1650448549815764000,32.95,4,32.8,10,33.05,5,2,2022-04-20 09:55:49
1650448549815764000,32.9,5,32.8,10,33.05,5,2,2022-04-20 09:55:49
1650448549815764000,32.85,1,32.8,10,33.05,5,2,2022-04-20 09:55:49
1650448549815764000,32.8,3,32.8,10,33.05,5,2,2022-04-20 09:55:49
1650448555137555000,32.8,1,32.8,11,33.05,5,2,2022-04-20 09:55:55
1650448570967442000,32.8,1,32.8,11,33.0,1,2,2022-04-20 09:56:10
1650448577724909000,32.85,1,32.85,1,33.0,1,2,2022-04-20 09:56:17
1650448579131864000,32.85,1,32.8,6,33.0,1,2,2022-04-20 09:56:19
1650448579131864000,32.8,4,32.8,6,33.0,1,2,2022-04-20 09:56:19
1650448591278044000,32.8,2,32.8,10,32.9,1,2,2022-04-20 09:56:31
1650448605636175000,32.9,1,32.85,1,33.0,2,1,2022-04-20 09:56:45
1650448606802022000,32.85,1,32.8,7,33.0,2,2,2022-04-20 09:56:46
1650448606802022000,32.8,1,32.8,7,33.0,2,2,2022-04-20 09:56:46
1650448609064111000,33.0,2,32.8,7,33.1,3,1,2022-04-20 09:56:49
1650448609064111000,33.1,2,32.8,7,33.1,3,1,2022-04-20 09:56:49
1650448609729665000,32.8,1,32.8,6,33.1,3,2,2022-04-20 09:56:49
1650448614622026000,32.8,3,32.8,5,33.1,3,2,2022-04-20 09:56:54
1650448629807277000,33.1,1,32.85,4,33.1,2,1,2022-04-20 09:57:09
1650448654412317000,32.9,1,32.9,1,33.1,6,2,2022-04-20 09:57:34
1650448657264698000,33.05,1,32.9,1,33.05,1,1,2022-04-20 09:57:37
1650448695279300000,32.9,3,32.9,1,33.0,2,2,2022-04-20 09:58:15
1650448697872608000,32.9,1,32.85,7,33.0,2,2,2022-04-20 09:58:17
1650448702428787000,32.85,7,32.7,5,33.0,2,2,2022-04-20 09:58:22
1650448702428787000,32.8,8,32.7,5,33.0,2,2,2022-04-20 09:58:22
1650448702428787000,32.75,5,32.7,5,33.0,2,2,2022-04-20 09:58:22
1650448709408990000,32.7,5,32.7,3,33.0,2,2,2022-04-20 09:58:29
1650448731016960000,32.7,1,32.7,4,32.95,1,2,2022-04-20 09:58:51
1650448752859504000,32.7,1,32.7,3,32.8,1,2,2022-04-20 09:59:12
1650448755567105000,32.7,1,32.7,2,32.8,1,2,2022-04-20 09:59:15
1650448759362421000,32.8,1,32.7,2,32.9,4,1,2022-04-20 09:59:19
1650448785131029000,32.8,1,32.75,5,32.85,2,2,2022-04-20 09:59:45
1650448791431296000,32.8,1,32.8,2,32.85,2,1,2022-04-20 09:59:51
1650448799017439000,32.85,2,32.8,2,32.9,4,1,2022-04-20 09:59:59
1650448852129218000,32.9,1,32.8,2,32.9,4,1,2022-04-20 10:00:52
1650448852469371000,32.8,2,32.75,5,32.8,7,2,2022-04-20 10:00:52
1650448856826944000,32.8,1,32.75,5,32.8,6,1,2022-04-20 10:00:56
1650448877961906000,32.75,1,32.75,4,32.8,13,2,2022-04-20 10:01:17
1650448904482893000,32.75,3,32.75,1,32.8,15,2,2022-04-20 10:01:44
1650448913264675000,32.8,4,32.75,2,32.8,12,1,2022-04-20 10:01:53
1650448917364921000,32.75,1,32.75,1,32.8,11,2,2022-04-20 10:01:57
1650448925312778000,32.8,1,32.75,1,32.8,9,1,2022-04-20 10:02:05
1650448925688869000,32.8,8,32.75,1,32.8,1,1,2022-04-20 10:02:05
1650448927591594000,32.75,1,32.7,7,32.8,1,2,2022-04-20 10:02:07
1650448929454804000,32.8,1,32.7,8,32.85,2,1,2022-04-20 10:02:09
1650448935359005000,32.85,1,32.7,8,32.9,8,1,2022-04-20 10:02:15
1650448945289901000,32.85,1,32.75,2,32.9,6,1,2022-04-20 10:02:25
1650448945289901000,32.9,1,32.75,2,32.9,6,1,2022-04-20 10:02:25
1650448969179624000,32.9,1,32.75,3,32.9,4,1,2022-04-20 10:02:49
1650448981332727000,32.9,3,32.75,1,33.0,4,1,2022-04-20 10:03:01
1650448985056224000,33.0,4,33.0,1,33.05,5,1,2022-04-20 10:03:05
1650448986357567000,33.05,5,33.0,1,33.1,7,1,2022-04-20 10:03:06
1650448989128296000,33.1,1,33.05,5,33.1,3,1,2022-04-20 10:03:09
1650448996307531000,33.1,3,33.05,5,33.2,3,1,2022-04-20 10:03:16
1650449000828177000,33.2,1,33.05,5,33.2,2,1,2022-04-20 10:03:20
1650449018138191000,33.2,1,33.05,1,33.2,2,1,2022-04-20 10:03:38
1650449024554107000,33.05,1,33.0,1,33.1,3,2,2022-04-20 10:03:44
1650449028644896000,33.0,1,32.9,2,33.05,3,2,2022-04-20 10:03:48
1650449036740031000,33.0,1,32.9,2,33.05,3,1,2022-04-20 10:03:56
1650449039126161000,32.9,1,32.9,1,33.0,1,2,2022-04-20 10:03:59
1650449040016124000,32.9,1,32.8,5,33.0,1,2,2022-04-20 10:04:00
1650449065470628000,33.0,1,32.85,2,33.05,4,1,2022-04-20 10:04:25
1650449084728192000,33.0,1,32.85,4,33.0,4,1,2022-04-20 10:04:44
1650449092797229000,33.0,1,32.85,4,33.0,4,1,2022-04-20 10:04:52
1650449103928814000,32.9,1,32.85,4,33.0,4,1,2022-04-20 10:05:03
1650449105381782000,32.85,4,32.8,5,32.85,5,2,2022-04-20 10:05:05
1650449105457417000,32.8,1,32.8,4,32.85,5,2,2022-04-20 10:05:05
1650449112284302000,32.8,3,32.8,1,32.85,5,2,2022-04-20 10:05:12
1650449112528289000,32.8,1,32.75,1,32.85,5,2,2022-04-20 10:05:12
1650449116348447000,32.85,5,32.75,1,32.9,2,1,2022-04-20 10:05:16
1650449162822724000,32.8,1,32.8,4,32.9,2,2,2022-04-20 10:06:02
1650449167942061000,32.9,1,32.8,4,32.9,1,1,2022-04-20 10:06:07
1650449182991370000,32.9,1,32.8,4,32.95,28,1,2022-04-20 10:06:22
1650449211950065000,32.95,1,32.9,2,32.95,27,1,2022-04-20 10:06:51
1650449213095581000,32.95,14,32.9,2,32.95,13,1,2022-04-20 10:06:53
1650449213368027000,32.95,8,32.9,2,32.95,5,1,2022-04-20 10:06:53
1650449213786481000,32.95,5,32.9,2,33.0,6,1,2022-04-20 10:06:53
1650449215032503000,33.0,3,32.95,3,33.0,3,1,2022-04-20 10:06:55
1650449220119993000,33.0,3,32.9,2,33.05,2,1,2022-04-20 10:07:00
1650449225085434000,33.05,2,32.9,2,33.1,2,1,2022-04-20 10:07:05
1650449225085434000,33.1,3,32.9,2,33.1,2,1,2022-04-20 10:07:05
1650449239645980000,33.05,1,33.05,1,33.1,2,1,2022-04-20 10:07:19
1650449240201390000,33.1,1,33.05,1,33.1,1,1,2022-04-20 10:07:20
1650449249528108000,33.1,1,33.05,1,33.2,2,1,2022-04-20 10:07:29
1650449249528108000,33.2,1,33.05,1,33.2,2,1,2022-04-20 10:07:29
1650449255421627000,33.25,1,33.1,1,33.25,4,1,2022-04-20 10:07:35
1650449257349179000,33.2,1,33.1,1,33.25,4,2,2022-04-20 10:07:37
1650449258213346000,33.25,2,33.1,1,33.25,2,1,2022-04-20 10:07:38
1650449259466815000,33.25,2,33.1,1,33.3,11,1,2022-04-20 10:07:39
1650449269756161000,33.25,1,33.1,2,33.3,11,2,2022-04-20 10:07:49
1650449279862705000,33.25,1,33.1,2,33.25,3,1,2022-04-20 10:07:59
1650449294264617000,33.2,1,33.1,3,33.25,3,1,2022-04-20 10:08:14
1650449299862006000,33.2,1,33.1,3,33.2,1,1,2022-04-20 10:08:19
1650449308724087000,33.15,1,33.1,3,33.2,2,1,2022-04-20 10:08:28
1650449320253722000,33.2,2,33.15,1,33.3,11,1,2022-04-20 10:08:40
1650449320253722000,33.25,2,33.15,1,33.3,11,1,2022-04-20 10:08:40
1650449324520908000,33.3,5,33.15,1,33.3,6,1,2022-04-20 10:08:44
1650449327382842000,33.3,3,33.15,1,33.3,3,1,2022-04-20 10:08:47
1650449329232932000,33.3,3,33.3,1,33.4,3,1,2022-04-20 10:08:49
1650449334215668000,33.4,1,33.3,1,33.4,3,1,2022-04-20 10:08:54
1650449339345968000,33.4,3,33.3,1,33.45,1,1,2022-04-20 10:08:59
1650449346964284000,33.45,1,33.4,4,33.5,14,1,2022-04-20 10:09:06
1650449346964284000,33.5,1,33.4,4,33.5,14,1,2022-04-20 10:09:06
1650449355743255000,33.4,4,33.3,1,33.4,1,2,2022-04-20 10:09:15
1650449356937110000,33.4,1,33.3,1,33.5,13,1,2022-04-20 10:09:16
1650449356937110000,33.5,1,33.3,1,33.5,13,1,2022-04-20 10:09:16
1650449360859787000,33.45,1,33.3,1,33.45,4,1,2022-04-20 10:09:20
1650449363305559000,33.45,2,33.35,1,33.45,3,1,2022-04-20 10:09:23
1650449366076247000,33.45,1,33.35,1,33.45,2,1,2022-04-20 10:09:26
1650449367217736000,33.45,1,33.35,1,33.45,1,1,2022-04-20 10:09:27
1650449368080952000,33.4,4,33.35,1,33.4,1,1,2022-04-20 10:09:28
1650449368869884000,33.4,1,33.35,1,33.4,1,1,2022-04-20 10:09:28
1650449369116049000,33.4,1,33.35,1,33.45,1,1,2022-04-20 10:09:29
1650449374571303000,33.45,3,33.35,1,33.5,14,1,2022-04-20 10:09:34
1650449383856866000,33.45,2,33.4,1,33.45,1,1,2022-04-20 10:09:43
1650449387501028000,33.45,1,33.4,1,33.5,15,1,2022-04-20 10:09:47
1650449391121126000,33.45,1,33.4,1,33.45,4,2,2022-04-20 10:09:51
1650449391415417000,33.45,1,33.4,1,33.45,3,1,2022-04-20 10:09:51
1650449392384966000,33.45,3,33.4,1,33.5,15,1,2022-04-20 10:09:52
1650449418566626000,33.45,2,33.4,1,33.5,19,1,2022-04-20 10:10:18
1650449418566626000,33.5,2,33.4,1,33.5,19,1,2022-04-20 10:10:18
1650449430515400000,33.45,1,33.4,2,33.45,6,1,2022-04-20 10:10:30
1650449445512676000,33.4,1,33.35,1,33.45,6,2,2022-04-20 10:10:45
1650449446457666000,33.35,1,33.3,1,33.45,6,2,2022-04-20 10:10:46
1650449460561827000,33.35,1,33.15,2,33.35,4,1,2022-04-20 10:11:00
1650449515084486000,33.3,2,33.2,1,33.3,2,1,2022-04-20 10:11:55
1650449536005539000,33.3,2,33.2,1,33.3,2,1,2022-04-20 10:12:16
1650449536194208000,33.3,2,33.2,1,33.35,3,1,2022-04-20 10:12:16
1650449538794486000,33.35,3,33.35,2,33.4,6,1,2022-04-20 10:12:18
1650449539208627000,33.35,1,33.35,1,33.4,6,2,2022-04-20 10:12:19
1650449539316832000,33.35,1,33.2,1,33.4,6,2,2022-04-20 10:12:19
1650449546237446000,33.4,1,33.2,1,33.4,6,1,2022-04-20 10:12:26
1650449597716074000,33.35,1,33.2,1,33.4,7,1,2022-04-20 10:13:17
1650449649387831000,33.2,1,33.1,1,33.35,2,2,2022-04-20 10:14:09
1650449649387831000,33.15,1,33.1,1,33.35,2,2,2022-04-20 10:14:09
1650449649387831000,33.1,2,33.1,1,33.35,2,2,2022-04-20 10:14:09
1650449657502785000,33.3,1,33.1,1,33.35,3,1,2022-04-20 10:14:17
1650449661242738000,33.3,1,33.1,1,33.35,2,1,2022-04-20 10:14:21
1650449726289495000,33.2,1,33.15,1,33.2,1,1,2022-04-20 10:15:26
1650449731509537000,33.2,1,33.15,1,33.3,2,1,2022-04-20 10:15:31
1650449756072730000,33.15,1,33.1,1,33.3,2,2,2022-04-20 10:15:56
1650449772450284000,33.1,1,33.05,3,33.3,2,2,2022-04-20 10:16:12
1650449781489078000,33.05,1,33.05,2,33.3,2,2,2022-04-20 10:16:21
1650449790067646000,33.05,2,33.0,3,33.3,2,2,2022-04-20 10:16:30
1650449790067646000,33.0,2,33.0,3,33.3,2,2,2022-04-20 10:16:30
1650449793304372000,33.3,1,33.0,3,33.3,2,1,2022-04-20 10:16:33
1650449836021569000,33.3,1,33.05,2,33.3,3,1,2022-04-20 10:17:16
1650450099521657000,33.3,1,33.1,2,33.3,5,1,2022-04-20 10:21:39
1650450131540316000,33.1,1,33.05,3,33.1,4,2,2022-04-20 10:22:11
1650450131689279000,33.05,2,33.05,1,33.1,4,2,2022-04-20 10:22:11
1650450135877651000,33.05,1,33.0,6,33.1,4,2,2022-04-20 10:22:15
1650450148789536000,33.0,3,33.0,3,33.1,4,2,2022-04-20 10:22:28
1650450151869902000,33.0,1,33.0,2,33.1,4,2,2022-04-20 10:22:31
1650450152171843000,33.0,1,33.0,1,33.1,4,2,2022-04-20 10:22:32
1650450161699585000,33.0,1,32.95,2,33.0,2,2,2022-04-20 10:22:41
1650450168308776000,32.95,2,32.9,1,33.0,2,2,2022-04-20 10:22:48
1650450170333911000,32.9,1,32.85,6,33.0,2,2,2022-04-20 10:22:50
1650450225062914000,32.9,4,32.9,4,33.0,3,2,2022-04-20 10:23:45
1650450238248972000,32.9,1,32.9,4,33.0,3,2,2022-04-20 10:23:58
1650450251229280000,32.9,3,32.8,1,33.0,8,2,2022-04-20 10:24:11
1650450251229280000,32.85,5,32.8,1,33.0,8,2,2022-04-20 10:24:11
1650450251229280000,32.8,17,32.8,1,33.0,8,2,2022-04-20 10:24:11
1650450265733674000,32.9,1,32.8,2,32.95,3,1,2022-04-20 10:24:25
1650450267385748000,32.8,1,32.8,1,32.95,2,2,2022-04-20 10:24:27
1650450286596144000,32.8,2,32.75,6,32.8,3,2,2022-04-20 10:24:46
1650450286631369000,32.8,3,32.75,6,32.95,2,1,2022-04-20 10:24:46
1650450308535188000,32.9,1,32.8,3,32.9,1,1,2022-04-20 10:25:08
1650450310850356000,32.8,2,32.8,2,32.9,1,2,2022-04-20 10:25:10
1650450318554847000,32.8,1,32.75,7,32.8,1,2,2022-04-20 10:25:18
1650450322457976000,32.75,1,32.75,6,32.8,1,2,2022-04-20 10:25:22
1650450327524751000,32.75,1,32.75,6,32.8,1,2,2022-04-20 10:25:27
1650450335007206000,32.8,1,32.75,6,33.0,2,1,2022-04-20 10:25:35
1650450335007206000,32.9,1,32.75,6,33.0,2,1,2022-04-20 10:25:35
1650450335007206000,32.95,1,32.75,6,33.0,2,1,2022-04-20 10:25:35
1650450335007206000,33.0,1,32.75,6,33.0,2,1,2022-04-20 10:25:35
1650450352813361000,32.8,1,32.8,2,33.0,2,2,2022-04-20 10:25:52
1650450387003635000,32.8,6,32.8,2,33.0,2,2,2022-04-20 10:26:27
1650450403259531000,32.95,1,32.9,1,33.0,2,1,2022-04-20 10:26:43
1650450424676440000,33.0,1,32.9,1,33.0,1,1,2022-04-20 10:27:04
1650450433992963000,33.0,1,32.9,1,33.15,1,1,2022-04-20 10:27:13
1650450451259262000,33.1,1,33.0,1,33.15,3,1,2022-04-20 10:27:31
1650450498439930000,33.15,2,33.0,3,33.2,2,2,2022-04-20 10:28:18
1650450532475284000,33.15,2,33.0,2,33.15,4,1,2022-04-20 10:28:52
1650450636214080000,33.0,1,33.0,1,33.1,1,2,2022-04-20 10:30:36
1650450708409822000,32.9,1,32.85,1,32.9,1,2,2022-04-20 10:31:48
1650450724927902000,32.85,1,32.8,2,32.9,1,2,2022-04-20 10:32:04
1650450734044427000,32.9,1,32.8,2,33.05,1,1,2022-04-20 10:32:14
1650450734044427000,32.95,3,32.8,2,33.05,1,1,2022-04-20 10:32:14
1650450734044427000,33.0,6,32.8,2,33.05,1,1,2022-04-20 10:32:14
1650450760098892000,33.0,1,32.85,1,33.0,6,1,2022-04-20 10:32:40
1650450792323225000,32.9,1,32.8,2,32.9,2,2,2022-04-20 10:33:12
1650450833986168000,32.8,1,32.8,7,32.9,3,2,2022-04-20 10:33:53
1650450869450977000,32.9,4,32.9,3,33.0,13,1,2022-04-20 10:34:29
1650450875025010000,33.0,7,32.9,3,33.0,6,1,2022-04-20 10:34:35
1650450890602119000,33.0,6,33.0,1,33.05,1,1,2022-04-20 10:34:50
1650450923350786000,33.05,1,33.0,3,33.1,1,1,2022-04-20 10:35:23
1650451045327895000,33.1,1,33.0,2,33.1,1,1,2022-04-20 10:37:25
1650451120693676000,33.1,1,33.0,2,33.15,5,1,2022-04-20 10:38:40
1650451120693676000,33.15,1,33.0,2,33.15,5,1,2022-04-20 10:38:40
1650451128532942000,33.15,5,33.15,1,33.2,1,1,2022-04-20 10:38:48
1650451128734971000,33.15,1,33.0,2,33.2,1,2,2022-04-20 10:38:48
1650451149528942000,33.2,1,33.0,2,33.25,4,1,2022-04-20 10:39:09
1650451195831367000,33.05,1,32.85,2,33.0,2,2,2022-04-20 10:39:55
1650451195831367000,33.0,2,32.85,2,33.0,2,2,2022-04-20 10:39:55
1650451219216737000,33.0,2,33.0,3,33.2,1,1,2022-04-20 10:40:19
1650451254911632000,33.2,1,33.0,3,33.25,4,1,2022-04-20 10:40:54
1650451424991697000,33.2,1,33.1,3,33.2,1,1,2022-04-20 10:43:44
1650451468341062000,33.2,1,33.1,6,33.2,1,1,2022-04-20 10:44:28
1650451574036438000,33.15,1,33.1,6,33.15,1,1,2022-04-20 10:46:14
1650451575545380000,33.15,1,33.15,1,33.2,3,1,2022-04-20 10:46:15
1650451596496491000,33.15,2,33.15,1,33.2,3,2,2022-04-20 10:46:36
1650451596522878000,33.15,1,33.1,4,33.2,3,2,2022-04-20 10:46:36
1650451710857396000,33.2,2,33.15,3,33.25,5,1,2022-04-20 10:48:30
1650451710857396000,33.25,1,33.15,3,33.25,5,1,2022-04-20 10:48:30
1650451718534067000,33.25,1,33.15,3,33.25,4,1,2022-04-20 10:48:38
1650451731176498000,33.25,2,33.2,1,33.25,2,1,2022-04-20 10:48:51
1650451736990549000,33.25,2,33.25,2,33.3,4,1,2022-04-20 10:48:56
1650451748784137000,33.3,1,33.25,2,33.3,3,1,2022-04-20 10:49:08
1650451888644042000,33.2,1,33.2,1,33.3,8,2,2022-04-20 10:51:28
1650451932094423000,33.2,1,33.15,4,33.25,1,2,2022-04-20 10:52:12
1650451932838008000,33.25,1,33.15,4,33.3,8,1,2022-04-20 10:52:12
1650451958075589000,33.15,4,33.0,3,33.25,4,2,2022-04-20 10:52:38
1650451958075589000,33.1,8,33.0,3,33.25,4,2,2022-04-20 10:52:38
1650452078052779000,33.2,1,33.0,3,33.2,2,1,2022-04-20 10:54:38
1650452111702963000,33.2,1,33.1,5,33.2,1,1,2022-04-20 10:55:11
1650452114643531000,33.2,1,33.1,5,33.25,4,1,2022-04-20 10:55:14
1650452173303537000,33.25,1,33.1,5,33.25,3,1,2022-04-20 10:56:13
1650452300124605000,33.25,3,33.15,1,33.3,7,1,2022-04-20 10:58:20
1650452300124605000,33.3,2,33.15,1,33.3,7,1,2022-04-20 10:58:20
1650452317376952000,33.3,1,33.15,1,33.3,6,1,2022-04-20 10:58:37
1650452629670462000,33.25,1,33.25,1,33.3,10,2,2022-04-20 11:03:49
1650452720371566000,33.3,1,33.25,2,33.3,7,1,2022-04-20 11:05:20
1650452769362504000,33.3,1,33.25,2,33.3,6,1,2022-04-20 11:06:09
1650452788038166000,33.3,2,33.25,2,33.3,4,1,2022-04-20 11:06:28
1650452791669819000,33.3,3,33.25,2,33.3,1,1,2022-04-20 11:06:31
1650452889649224000,33.25,1,33.25,1,33.3,13,2,2022-04-20 11:08:09
1650452912220781000,33.25,1,33.2,2,33.3,13,2,2022-04-20 11:08:32
1650452944963788000,33.2,1,33.2,1,33.25,1,2,2022-04-20 11:09:04
1650452950672165000,33.2,1,33.15,10,33.2,1,2,2022-04-20 11:09:10
1650452959303391000,33.15,10,33.05,1,33.2,1,2,2022-04-20 11:09:19
1650452959303391000,33.1,11,33.05,1,33.2,1,2,2022-04-20 11:09:19
1650452960132414000,33.05,1,32.7,6,33.15,1,2,2022-04-20 11:09:20
1650452960132414000,33.0,3,32.7,6,33.15,1,2,2022-04-20 11:09:20
1650452960132414000,32.9,1,32.7,6,33.15,1,2,2022-04-20 11:09:20
1650452960132414000,32.85,8,32.7,6,33.15,1,2,2022-04-20 11:09:20
1650452960132414000,32.8,8,32.7,6,33.15,1,2,2022-04-20 11:09:20
1650452960132414000,32.75,2,32.7,6,33.15,1,2,2022-04-20 11:09:20
1650452960132414000,32.7,2,32.7,6,33.15,1,2,2022-04-20 11:09:20
1650452960265611000,32.75,2,32.7,6,33.15,1,1,2022-04-20 11:09:20
1650452971724289000,32.75,1,32.75,7,33.15,1,2,2022-04-20 11:09:31
1650452974682963000,33.15,1,32.8,1,33.2,1,1,2022-04-20 11:09:34
1650453050168122000,32.95,5,32.95,1,33.2,4,2,2022-04-20 11:10:50
1650453115973399000,32.95,1,32.9,4,33.15,1,1,2022-04-20 11:11:55
1650453121307662000,32.95,1,32.9,3,33.2,4,1,2022-04-20 11:12:01
1650453202944211000,32.85,1,32.85,4,33.1,3,2,2022-04-20 11:13:22
1650453286166836000,32.85,3,32.85,1,33.05,5,2,2022-04-20 11:14:46
1650453287780007000,32.85,1,32.65,25,33.05,5,2,2022-04-20 11:14:47
1650453287780007000,32.75,7,32.65,25,33.05,5,2,2022-04-20 11:14:47
1650453287780007000,32.7,3,32.65,25,33.05,5,2,2022-04-20 11:14:47
1650453332765973000,32.7,2,32.7,3,33.0,3,2,2022-04-20 11:15:32
1650453337615714000,32.7,1,32.7,4,33.0,3,2,2022-04-20 11:15:37
1650453359758466000,32.7,2,32.7,1,32.95,1,2,2022-04-20 11:15:59
1650453385307545000,32.95,1,32.7,2,33.0,3,1,2022-04-20 11:16:25
1650453386444553000,32.7,2,32.65,25,33.0,3,2,2022-04-20 11:16:26
1650453407261811000,32.65,2,32.65,23,32.9,1,2,2022-04-20 11:16:47
1650453409949941000,32.65,13,32.65,10,32.9,2,2,2022-04-20 11:16:49
1650453413355873000,32.65,7,32.65,3,32.9,2,2,2022-04-20 11:16:53
1650453413775939000,32.65,1,32.65,2,32.85,4,2,2022-04-20 11:16:53
1650453416042267000,32.65,2,32.6,12,32.8,1,2,2022-04-20 11:16:56
1650453418934870000,32.6,2,32.6,9,32.65,4,2,2022-04-20 11:16:58
1650453418965389000,32.6,3,32.6,6,32.65,4,2,2022-04-20 11:16:58
1650453422707298000,32.65,4,32.65,3,32.85,4,1,2022-04-20 11:17:02
1650453437196408000,32.65,1,32.65,2,32.9,1,2,2022-04-20 11:17:17
1650453437440189000,32.65,2,32.6,6,32.65,1,2,2022-04-20 11:17:17
1650453439008586000,32.65,1,32.65,1,32.95,6,1,2022-04-20 11:17:19
1650453439038170000,32.65,1,32.6,6,32.95,6,2,2022-04-20 11:17:19
1650453525992190000,32.7,1,32.7,2,32.95,6,2,2022-04-20 11:18:45
1650453597156798000,32.7,2,32.65,9,32.85,1,2,2022-04-20 11:19:57
1650453632966456000,32.65,8,32.6,23,32.85,1,2,2022-04-20 11:20:32
1650453670815043000,32.65,1,32.65,2,32.85,1,2,2022-04-20 11:21:10
1650453696497553000,32.65,2,32.65,1,32.85,1,2,2022-04-20 11:21:36
1650453760020835000,32.85,1,32.85,2,32.9,1,1,2022-04-20 11:22:40
1650453807509404000,32.85,1,32.85,2,33.0,4,1,2022-04-20 11:23:27
1650453875638114000,33.0,4,33.0,3,33.05,1,1,2022-04-20 11:24:35
1650453903780330000,33.0,3,32.85,1,33.05,1,2,2022-04-20 11:25:03
1650454156087799000,33.0,1,32.8,7,33.1,5,2,2022-04-20 11:29:16
1650454252383331000,32.9,1,32.9,4,32.95,10,2,2022-04-20 11:30:52
1650454262794391000,32.9,1,32.9,3,32.95,10,2,2022-04-20 11:31:02
1650454280479309000,32.9,2,32.9,1,32.95,13,2,2022-04-20 11:31:20
1650454280718297000,32.9,1,32.8,2,32.95,13,2,2022-04-20 11:31:20
1650454534996525000,32.7,5,32.7,1,32.85,1,2,2022-04-20 11:35:34
1650454540116793000,32.7,1,32.6,18,32.85,1,2,2022-04-20 11:35:40
1650454540116793000,32.65,2,32.6,18,32.85,1,2,2022-04-20 11:35:40
1650454577225419000,32.6,2,32.6,16,32.65,1,2,2022-04-20 11:36:17
1650454585702091000,32.6,1,32.6,14,32.65,1,2,2022-04-20 11:36:25
1650454587090537000,32.65,1,32.65,6,32.85,1,1,2022-04-20 11:36:27
1650454648654141000,32.85,1,32.7,4,32.9,10,1,2022-04-20 11:37:28
1650454662300214000,32.9,10,32.9,2,32.95,13,1,2022-04-20 11:37:42
1650454667618410000,32.95,6,32.9,2,32.95,7,1,2022-04-20 11:37:47
1650454667640068000,32.95,7,32.9,2,33.0,13,1,2022-04-20 11:37:47
1650454683169077000,33.0,2,32.9,2,33.0,11,1,2022-04-20 11:38:03
1650454709007665000,33.0,1,32.75,3,33.0,9,1,2022-04-20 11:38:29
1650454729427865000,33.0,9,32.8,5,33.1,5,1,2022-04-20 11:38:49
1650454729427865000,33.05,1,32.8,5,33.1,5,1,2022-04-20 11:38:49
1650454743273193000,33.05,1,33.0,2,33.1,5,1,2022-04-20 11:39:03
1650454766904236000,33.05,2,33.0,2,33.1,5,1,2022-04-20 11:39:26
1650454785086494000,33.05,1,33.0,2,33.1,5,1,2022-04-20 11:39:45
1650454803425153000,33.05,1,33.05,1,33.1,5,1,2022-04-20 11:40:03
1650454838078137000,33.05,1,33.05,1,33.1,5,2,2022-04-20 11:40:38
1650454844207331000,33.05,1,33.0,2,33.1,5,2,2022-04-20 11:40:44
1650454868335985000,33.1,5,32.9,2,33.15,5,1,2022-04-20 11:41:08
1650454869208168000,33.15,5,33.15,2,33.2,10,1,2022-04-20 11:41:09
1650454869457240000,33.2,8,33.15,2,33.2,2,1,2022-04-20 11:41:09
1650454869488672000,33.2,2,33.15,2,33.3,10,1,2022-04-20 11:41:09
1650454875130286000,33.3,2,33.15,2,33.3,8,1,2022-04-20 11:41:15
1650454875161880000,33.3,8,33.15,2,33.35,4,1,2022-04-20 11:41:15
1650454900358255000,33.35,1,33.3,1,33.35,3,1,2022-04-20 11:41:40
1650454956248207000,33.3,2,32.95,3,33.3,3,2,2022-04-20 11:42:36
1650455090522871000,33.25,2,33.1,1,33.3,10,1,2022-04-20 11:44:50
1650455102302688000,33.15,1,33.1,1,33.3,11,1,2022-04-20 11:45:02
1650455315394795000,33.1,1,33.05,1,33.2,1,2,2022-04-20 11:48:35
1650455381176302000,33.05,1,33.0,1,33.2,1,2,2022-04-20 11:49:41
1650455568243988000,33.05,1,33.0,1,33.15,10,1,2022-04-20 11:52:48
1650455653149557000,33.15,10,33.15,2,33.2,2,1,2022-04-20 11:54:13
1650455653180415000,33.2,2,33.15,2,33.25,6,1,2022-04-20 11:54:13
1650455653418731000,33.25,6,33.15,2,33.3,13,1,2022-04-20 11:54:13
1650455663908888000,33.25,1,33.2,2,33.25,4,1,2022-04-20 11:54:23
1650455663941719000,33.25,4,33.2,2,33.3,13,1,2022-04-20 11:54:23
1650455674579117000,33.3,8,33.2,2,33.3,5,1,2022-04-20 11:54:34
1650455674611626000,33.3,5,33.2,2,33.35,16,1,2022-04-20 11:54:34
1650455745509284000,33.2,2,33.15,3,33.25,1,2,2022-04-20 11:55:45
1650455758983235000,33.25,1,33.15,3,33.3,11,1,2022-04-20 11:55:58
1650455775296299000,33.25,1,33.15,3,33.3,2,1,2022-04-20 11:56:15
1650455775296299000,33.3,9,33.15,3,33.3,2,1,2022-04-20 11:56:15
1650455864169660000,33.3,3,33.2,3,33.35,23,1,2022-04-20 11:57:44
1650456030647069000,33.25,2,33.2,3,33.3,19,2,2022-04-20 12:00:30
1650456114447738000,33.2,2,33.2,1,33.25,8,2,2022-04-20 12:01:54
1650456116790634000,33.25,1,33.2,1,33.25,7,1,2022-04-20 12:01:56
1650456117086861000,33.2,1,33.15,6,33.25,7,2,2022-04-20 12:01:57
1650456131840395000,33.15,1,33.15,5,33.25,7,2,2022-04-20 12:02:11
1650456140703690000,33.15,5,33.1,7,33.15,2,2,2022-04-20 12:02:20
1650456140741572000,33.15,2,33.1,7,33.3,12,1,2022-04-20 12:02:20
1650456188043407000,33.15,1,33.1,7,33.25,1,2,2022-04-20 12:03:08
1650456188244388000,33.25,1,33.1,7,33.3,9,1,2022-04-20 12:03:08
1650456188244388000,33.3,3,33.1,7,33.3,9,1,2022-04-20 12:03:08
1650456198002945000,33.25,1,33.25,2,33.3,9,1,2022-04-20 12:03:18
1650456221121139000,33.25,1,33.25,1,33.3,9,2,2022-04-20 12:03:41
1650456353936486000,33.2,1,33.2,6,33.3,23,2,2022-04-20 12:05:53
1650456375846841000,33.3,9,33.2,6,33.3,15,1,2022-04-20 12:06:15
1650456375868631000,33.3,15,33.2,6,33.35,20,1,2022-04-20 12:06:15
1650456375899239000,33.35,20,33.25,6,33.4,8,1,2022-04-20 12:06:15
1650456375920167000,33.4,8,33.25,6,33.45,8,1,2022-04-20 12:06:15
1650456375964617000,33.45,1,33.25,6,33.45,7,1,2022-04-20 12:06:15
1650456376136652000,33.45,7,33.25,8,33.5,37,1,2022-04-20 12:06:16
1650456377531030000,33.5,19,33.3,3,33.5,18,1,2022-04-20 12:06:17
1650456377537156000,33.5,9,33.3,3,33.5,9,1,2022-04-20 12:06:17
1650456377563610000,33.5,9,33.3,3,33.55,1,1,2022-04-20 12:06:17
1650456384740589000,33.55,1,33.4,4,33.6,7,1,2022-04-20 12:06:24
1650456387043148000,33.6,1,33.4,7,33.6,6,1,2022-04-20 12:06:27
1650456387298898000,33.6,6,33.55,1,33.65,1,1,2022-04-20 12:06:27
1650456389509384000,33.65,1,33.65,1,33.7,5,1,2022-04-20 12:06:29
1650456389948492000,33.7,1,33.65,3,33.7,4,1,2022-04-20 12:06:29
1650456389969600000,33.7,1,33.65,3,33.7,3,1,2022-04-20 12:06:29
1650456390003870000,33.7,1,33.65,3,33.7,2,1,2022-04-20 12:06:30
1650456391853599000,33.7,1,33.65,3,33.7,1,1,2022-04-20 12:06:31
1650456397659108000,33.65,1,33.6,5,33.7,1,2,2022-04-20 12:06:37
1650456398670839000,33.7,1,33.6,5,33.75,8,1,2022-04-20 12:06:38
1650456403028489000,33.7,4,33.65,1,33.75,6,1,2022-04-20 12:06:43
1650456407098492000,33.7,1,33.65,3,33.75,6,1,2022-04-20 12:06:47
1650456409460607000,33.7,1,33.65,3,33.75,6,1,2022-04-20 12:06:49
1650456410029774000,33.75,3,33.65,3,33.75,3,1,2022-04-20 12:06:50
1650456413598336000,33.7,1,33.65,3,33.7,2,1,2022-04-20 12:06:53
1650456413962563000,33.7,2,33.7,4,33.75,3,1,2022-04-20 12:06:53
1650456428422454000,33.75,3,33.75,2,33.85,7,1,2022-04-20 12:07:08
1650456434275280000,33.75,2,33.65,3,33.7,2,2,2022-04-20 12:07:14
1650456434275280000,33.7,6,33.65,3,33.7,2,2,2022-04-20 12:07:14
1650456438006519000,33.7,1,33.65,3,33.7,2,1,2022-04-20 12:07:18
1650456439364240000,33.7,2,33.7,2,33.85,7,1,2022-04-20 12:07:19
1650456440727507000,33.7,1,33.7,1,33.85,7,2,2022-04-20 12:07:20
1650456443141735000,33.7,1,33.65,2,33.7,4,2,2022-04-20 12:07:23
1650456449788167000,33.65,2,33.45,2,33.65,3,2,2022-04-20 12:07:29
1650456472065570000,33.65,1,33.5,2,33.65,4,1,2022-04-20 12:07:52
1650456476966596000,33.65,1,33.5,2,33.65,4,1,2022-04-20 12:07:56
1650456481524724000,33.65,5,33.65,5,33.7,9,1,2022-04-20 12:08:01
1650456493995547000,33.7,5,33.65,6,33.7,2,1,2022-04-20 12:08:13
1650456495175387000,33.65,5,33.65,1,33.7,2,2,2022-04-20 12:08:15
1650456500776017000,33.7,2,33.7,7,33.8,6,1,2022-04-20 12:08:20
1650456506952922000,33.8,6,33.8,1,33.85,8,1,2022-04-20 12:08:26
1650456506989278000,33.8,1,33.65,1,33.85,8,2,2022-04-20 12:08:26
1650456511543172000,33.7,1,33.65,1,33.7,3,1,2022-04-20 12:08:31
1650456511932827000,33.7,1,33.65,1,33.7,2,1,2022-04-20 12:08:31
1650456514296034000,33.7,1,33.65,1,33.7,1,1,2022-04-20 12:08:34
1650456519762750000,33.7,1,33.65,2,33.75,1,1,2022-04-20 12:08:39
1650456523740447000,33.7,1,33.65,2,33.75,1,2,2022-04-20 12:08:43
1650456525549713000,33.7,2,33.65,2,33.75,1,2,2022-04-20 12:08:45
1650456534147076000,33.75,1,33.65,2,33.75,2,1,2022-04-20 12:08:54
1650456534750775000,33.65,2,33.05,3,33.75,2,2,2022-04-20 12:08:54
1650456534750775000,33.5,2,33.05,3,33.75,2,2,2022-04-20 12:08:54
1650456534750775000,33.45,2,33.05,3,33.75,2,2,2022-04-20 12:08:54
1650456534750775000,33.2,6,33.05,3,33.75,2,2,2022-04-20 12:08:54
1650456534750775000,33.15,6,33.05,3,33.75,2,2,2022-04-20 12:08:54
1650456534750775000,33.1,16,33.05,3,33.75,2,2,2022-04-20 12:08:54
1650456534750775000,33.05,6,33.05,3,33.75,2,2,2022-04-20 12:08:54
1650456536245844000,33.5,1,33.1,12,33.25,4,2,2022-04-20 12:08:56
1650456560027604000,33.55,1,33.5,1,33.6,2,1,2022-04-20 12:09:20
1650456569077607000,33.5,1,33.4,12,33.6,2,2,2022-04-20 12:09:29
1650456576942094000,33.55,5,33.5,1,33.6,2,1,2022-04-20 12:09:36
1650456600029951000,33.55,2,33.5,1,33.6,3,2,2022-04-20 12:10:00
1650456601391774000,33.6,3,33.6,7,33.65,2,1,2022-04-20 12:10:01
1650456603571677000,33.65,1,33.6,7,33.65,1,1,2022-04-20 12:10:03
1650456604973781000,33.65,1,33.6,7,33.7,1,1,2022-04-20 12:10:04
1650456604973781000,33.7,2,33.6,7,33.7,1,1,2022-04-20 12:10:04
1650456605760686000,33.6,5,33.6,2,33.7,1,2,2022-04-20 12:10:05
1650456606692110000,33.7,1,33.6,2,33.8,6,1,2022-04-20 12:10:06
1650456614674679000,33.7,2,33.65,1,33.7,1,1,2022-04-20 12:10:14
1650456614916600000,33.7,1,33.65,1,33.75,3,1,2022-04-20 12:10:14
1650456614916600000,33.75,2,33.65,1,33.75,3,1,2022-04-20 12:10:14
1650456618784661000,33.7,1,33.7,1,33.75,3,2,2022-04-20 12:10:18
1650456625387458000,33.75,1,33.7,1,33.75,2,1,2022-04-20 12:10:25
1650456633793112000,33.7,1,33.65,1,33.75,2,2,2022-04-20 12:10:33
1650456659909755000,33.5,1,33.5,2,33.65,2,2,2022-04-20 12:10:59
1650456668505407000,33.5,1,33.5,1,33.65,2,2,2022-04-20 12:11:08
1650456709720233000,33.55,1,33.5,4,33.65,2,2,2022-04-20 12:11:49
1650456736627409000,33.55,5,33.5,4,33.65,2,2,2022-04-20 12:12:16
1650456747600279000,33.5,2,33.5,2,33.55,1,2,2022-04-20 12:12:27
1650456747629175000,33.5,2,33.45,2,33.55,1,2,2022-04-20 12:12:27
1650456760916597000,33.65,1,33.45,2,33.65,1,1,2022-04-20 12:12:40
1650456845635829000,33.6,1,33.5,2,33.65,6,1,2022-04-20 12:14:05
1650456868713154000,33.6,3,33.6,1,33.65,3,2,2022-04-20 12:14:28
1650456870161150000,33.6,1,33.5,3,33.65,2,2,2022-04-20 12:14:30
1650456958733307000,33.6,1,33.5,2,33.65,2,1,2022-04-20 12:15:58
1650456978760325000,33.6,1,33.6,1,33.65,1,2,2022-04-20 12:16:18
1650456987275266000,33.6,1,33.6,2,33.65,1,2,2022-04-20 12:16:27
1650456995336249000,33.6,2,33.5,3,33.65,1,2,2022-04-20 12:16:35
1650456996310188000,33.65,1,33.5,3,33.7,5,1,2022-04-20 12:16:36
1650457011294266000,33.65,1,33.55,1,33.65,2,1,2022-04-20 12:16:51
1650457099190939000,33.65,1,33.55,1,33.65,3,1,2022-04-20 12:18:19
1650457105253606000,33.65,1,33.55,1,33.65,2,1,2022-04-20 12:18:25
1650457125244900000,33.65,2,33.55,1,33.7,8,1,2022-04-20 12:18:45
1650457125244900000,33.7,1,33.55,1,33.7,8,1,2022-04-20 12:18:45
1650457129779843000,33.7,2,33.55,1,33.7,6,1,2022-04-20 12:18:49
1650457130049077000,33.7,6,33.55,1,33.75,11,1,2022-04-20 12:18:50
1650457138598595000,33.7,1,33.55,1,33.75,11,2,2022-04-20 12:18:58
1650457148244991000,33.7,2,33.65,20,33.7,1,1,2022-04-20 12:19:08
1650457152077639000,33.7,1,33.7,2,33.75,11,1,2022-04-20 12:19:12
1650457152318187000,33.75,8,33.7,2,33.75,3,1,2022-04-20 12:19:12
1650457152941212000,33.75,3,33.7,2,33.85,1,1,2022-04-20 12:19:12
1650457152941212000,33.8,6,33.7,2,33.85,1,1,2022-04-20 12:19:12
1650457152941212000,33.85,1,33.7,2,33.85,1,1,2022-04-20 12:19:12
1650457153203451000,33.85,1,33.75,6,33.9,9,1,2022-04-20 12:19:13
1650457158840989000,33.85,1,33.8,10,33.9,9,1,2022-04-20 12:19:18
1650457159184271000,33.9,5,33.8,10,33.9,4,1,2022-04-20 12:19:19
1650457159211989000,33.9,4,33.8,10,33.95,10,1,2022-04-20 12:19:19
1650457160329973000,33.95,10,33.85,1,34.0,46,1,2022-04-20 12:19:20
1650457160329973000,34.0,18,33.85,1,34.0,46,1,2022-04-20 12:19:20
1650457160664800000,34.0,8,33.85,1,34.0,38,1,2022-04-20 12:19:20
1650457160694470000,34.0,38,33.85,1,34.1,1,1,2022-04-20 12:19:20
1650457161286095000,34.1,1,33.95,11,34.25,37,1,2022-04-20 12:19:21
1650457161286095000,34.15,3,33.95,11,34.25,37,1,2022-04-20 12:19:21
1650457161286095000,34.2,1,33.95,11,34.25,37,1,2022-04-20 12:19:21
1650457165413511000,34.25,1,33.95,1,34.25,36,1,2022-04-20 12:19:25
1650457165595296000,34.25,1,34.0,1,34.25,35,1,2022-04-20 12:19:25
1650457165605716000,34.25,3,34.0,1,34.25,32,1,2022-04-20 12:19:25
1650457166856636000,34.2,1,33.9,3,34.2,1,1,2022-04-20 12:19:26
1650457168805304000,34.2,1,33.95,2,34.2,2,1,2022-04-20 12:19:28
1650457169051203000,34.2,2,34.2,1,34.25,32,1,2022-04-20 12:19:29
1650457169080594000,34.2,1,33.9,3,34.25,32,2,2022-04-20 12:19:29
1650457169874052000,34.2,1,33.9,3,34.25,32,1,2022-04-20 12:19:29
1650457172541133000,34.2,2,33.9,3,34.2,2,1,2022-04-20 12:19:32
1650457173585060000,34.2,1,33.95,1,34.25,7,1,2022-04-20 12:19:33
1650457173585060000,34.25,26,33.95,1,34.25,7,1,2022-04-20 12:19:33
1650457174395673000,34.2,1,33.9,3,34.25,7,2,2022-04-20 12:19:34
1650457174652435000,34.25,1,33.95,1,34.25,6,1,2022-04-20 12:19:34
1650457176255749000,34.25,3,33.95,1,34.25,3,1,2022-04-20 12:19:36
1650457177053471000,34.25,3,33.95,1,34.5,2,1,2022-04-20 12:19:37
1650457177053471000,34.3,4,33.95,1,34.5,2,1,2022-04-20 12:19:37
1650457177053471000,34.35,2,33.95,1,34.5,2,1,2022-04-20 12:19:37
1650457177053471000,34.4,1,33.95,1,34.5,2,1,2022-04-20 12:19:37
1650457177053471000,34.5,1,33.95,1,34.5,2,1,2022-04-20 12:19:37
1650457177096678000,34.5,1,33.95,2,34.5,1,1,2022-04-20 12:19:37
1650457177097655000,34.5,1,33.95,2,34.55,1,1,2022-04-20 12:19:37
1650457177098257000,34.55,1,33.95,2,34.6,1,1,2022-04-20 12:19:37
1650457177169990000,34.6,1,34.4,15,34.7,3,1,2022-04-20 12:19:37
1650457177169990000,34.65,1,34.4,15,34.7,3,1,2022-04-20 12:19:37
1650457177329058000,34.7,2,34.45,4,34.7,1,1,2022-04-20 12:19:37
1650457177601033000,34.7,1,34.5,1,34.8,23,1,2022-04-20 12:19:37
1650457177601033000,34.75,2,34.5,1,34.8,23,1,2022-04-20 12:19:37
1650457177601033000,34.8,2,34.5,1,34.8,23,1,2022-04-20 12:19:37
1650457177713281000,34.8,3,34.5,2,34.8,20,1,2022-04-20 12:19:37
1650457177778248000,34.8,9,34.5,2,34.8,11,1,2022-04-20 12:19:37
1650457178103263000,34.5,1,34.5,1,34.8,11,2,2022-04-20 12:19:38
1650457179657728000,34.8,1,34.5,4,34.8,10,1,2022-04-20 12:19:39
1650457180192404000,34.8,1,34.55,1,34.8,9,1,2022-04-20 12:19:40
1650457181694711000,34.8,4,34.6,2,34.8,5,1,2022-04-20 12:19:41
1650457181868868000,34.6,1,34.6,1,34.8,5,2,2022-04-20 12:19:41
1650457183190552000,34.7,1,34.5,1,34.7,4,1,2022-04-20 12:19:43
1650457186293219000,34.5,1,34.45,7,34.7,5,2,2022-04-20 12:19:46
1650457187818909000,34.65,1,34.55,1,34.65,1,1,2022-04-20 12:19:47
1650457188459076000,34.55,1,34.45,7,34.65,1,2,2022-04-20 12:19:48
1650457188768640000,34.45,1,34.45,6,34.65,1,2,2022-04-20 12:19:48
1650457190483155000,34.65,1,34.5,3,34.65,8,1,2022-04-20 12:19:50
1650457190979121000,34.5,3,34.45,7,34.6,28,2,2022-04-20 12:19:50
1650457191924272000,34.6,2,34.45,7,34.6,26,1,2022-04-20 12:19:51
1650457193164167000,34.45,5,34.45,2,34.6,26,2,2022-04-20 12:19:53
1650457193198364000,34.6,1,34.45,2,34.6,25,1,2022-04-20 12:19:53
1650457193202400000,34.45,2,34.4,15,34.6,25,2,2022-04-20 12:19:53
1650457193202487000,34.4,1,34.4,14,34.6,25,2,2022-04-20 12:19:53
1650457193675643000,34.5,1,34.4,14,34.6,25,2,2022-04-20 12:19:53
1650457194004703000,34.4,5,34.4,9,34.6,25,2,2022-04-20 12:19:54
1650457197529405000,34.5,5,34.4,9,34.55,2,1,2022-04-20 12:19:57
1650457197785766000,34.4,3,34.4,6,34.55,2,2,2022-04-20 12:19:57
1650457201850496000,34.4,4,34.4,2,34.55,2,2,2022-04-20 12:20:01
1650457205825875000,34.4,1,34.4,1,34.5,4,2,2022-04-20 12:20:05
1650457208953698000,34.4,1,34.25,1,34.5,8,2,2022-04-20 12:20:08
1650457209375862000,34.4,1,34.25,2,34.4,3,2,2022-04-20 12:20:09
1650457220987380000,34.25,1,34.25,2,34.35,2,2,2022-04-20 12:20:20
1650457223931954000,34.15,2,34.0,3,34.35,3,2,2022-04-20 12:20:23
1650457223931954000,34.1,3,34.0,3,34.35,3,2,2022-04-20 12:20:23
1650457223931954000,34.0,1,34.0,3,34.35,3,2,2022-04-20 12:20:23
1650457229586257000,34.05,1,34.05,1,34.3,3,2,2022-04-20 12:20:29
1650457232471039000,34.3,1,34.05,1,34.3,4,1,2022-04-20 12:20:32
1650457233002887000,34.05,1,33.95,6,34.0,1,2,2022-04-20 12:20:33
1650457233002887000,34.0,3,33.95,6,34.0,1,2,2022-04-20 12:20:33
1650457233025470000,34.0,1,33.95,6,34.3,4,1,2022-04-20 12:20:33
1650457235666881000,34.05,1,33.95,7,34.3,6,2,2022-04-20 12:20:35
1650457235666881000,33.95,1,33.95,7,34.3,6,2,2022-04-20 12:20:35
1650457236047854000,34.05,2,33.95,7,34.3,6,1,2022-04-20 12:20:36
1650457236564052000,34.0,3,33.95,10,34.3,6,1,2022-04-20 12:20:36
1650457255936881000,34.2,1,34.1,2,34.25,1,2,2022-04-20 12:20:55
1650457256197906000,34.25,1,34.25,1,34.3,4,1,2022-04-20 12:20:56
1650457268702279000,34.3,1,34.25,5,34.3,3,1,2022-04-20 12:21:08
1650457270484091000,34.3,3,34.25,5,34.35,8,1,2022-04-20 12:21:10
1650457271910464000,34.3,1,34.25,5,34.35,8,2,2022-04-20 12:21:11
1650457272129477000,34.25,1,34.25,4,34.35,8,2,2022-04-20 12:21:12
1650457274927443000,34.3,1,34.3,1,34.35,8,1,2022-04-20 12:21:14
1650457275208018000,34.35,2,34.3,1,34.35,6,1,2022-04-20 12:21:15
1650457276388210000,34.3,1,34.25,4,34.3,2,2,2022-04-20 12:21:16
1650457278230991000,34.25,4,34.1,4,34.3,3,2,2022-04-20 12:21:18
1650457278377015000,34.3,1,34.1,4,34.3,2,1,2022-04-20 12:21:18
1650457281268176000,34.3,1,34.1,4,34.3,1,1,2022-04-20 12:21:21
1650457300244903000,34.3,5,34.1,4,34.35,6,1,2022-04-20 12:21:40
1650457308469528000,34.25,2,34.1,4,34.4,1,1,2022-04-20 12:21:48
1650457308469528000,34.35,6,34.1,4,34.4,1,1,2022-04-20 12:21:48
1650457308469528000,34.4,2,34.1,4,34.4,1,1,2022-04-20 12:21:48
1650457320837943000,34.3,1,34.15,2,34.3,7,1,2022-04-20 12:22:00
1650457334854821000,34.15,4,34.1,3,34.25,2,2,2022-04-20 12:22:14
1650457342265025000,34.1,4,34.0,8,34.2,1,2,2022-04-20 12:22:22
1650457346827197000,34.1,1,34.0,8,34.1,1,1,2022-04-20 12:22:26
1650457349548376000,34.0,3,34.0,4,34.1,1,2,2022-04-20 12:22:29
1650457349576016000,34.0,4,33.95,4,34.1,1,2,2022-04-20 12:22:29
1650457352048884000,33.95,1,33.95,3,34.1,1,2,2022-04-20 12:22:32
1650457359697001000,33.95,1,33.95,7,34.1,1,2,2022-04-20 12:22:39
1650457360430008000,34.0,1,34.0,3,34.1,2,2,2022-04-20 12:22:40
