ts,close,volume,bid_price,bid_volume,ask_price,ask_volume,tick_type,datetime
1654074121922573000,50.0,2897,49.95,14,50.0,188,2,2022-06-01 09:02:01
1654074121953111000,49.95,10,49.95,4,50.0,188,2,2022-06-01 09:02:01
1654074121968900000,49.95,2,49.95,2,50.0,188,2,2022-06-01 09:02:01
1654074121984100000,49.95,1,49.95,1,50.0,188,2,2022-06-01 09:02:01
1654074121986462000,49.95,1,49.9,17,50.0,188,2,2022-06-01 09:02:01
1654074122014728000,49.95,3,49.9,17,50.0,199,1,2022-06-01 09:02:02
1654074122014728000,50.0,3,49.9,17,50.0,199,1,2022-06-01 09:02:02
1654074122026385000,49.9,1,49.9,16,50.0,199,2,2022-06-01 09:02:02
1654074122042729000,49.9,1,49.9,15,50.0,199,2,2022-06-01 09:02:02
1654074122082374000,49.95,1,49.95,1,50.0,199,2,2022-06-01 09:02:02
1654074122082405000,49.95,1,49.9,16,50.0,199,2,2022-06-01 09:02:02
1654074122085084000,49.9,1,49.9,15,50.0,199,2,2022-06-01 09:02:02
1654074122095083000,50.0,1,49.9,15,50.0,198,1,2022-06-01 09:02:02
1654074122120158000,50.0,3,49.9,15,50.0,196,1,2022-06-01 09:02:02
1654074122128772000,50.0,2,49.9,15,50.0,194,1,2022-06-01 09:02:02
1654074122135398000,50.0,1,49.95,1,50.0,193,1,2022-06-01 09:02:02
1654074122138381000,49.95,1,49.9,15,49.95,12,2,2022-06-01 09:02:02
1654074122241621000,49.9,2,49.9,13,49.95,14,2,2022-06-01 09:02:02
1654074122370977000,49.9,13,49.85,1,49.95,14,2,2022-06-01 09:02:02
1654074122370977000,49.85,17,49.85,1,49.95,14,2,2022-06-01 09:02:02
1654074122376071000,49.85,1,49.8,74,49.95,14,2,2022-06-01 09:02:02
1654074122376071000,49.8,1,49.8,74,49.95,14,2,2022-06-01 09:02:02
1654074122446536000,49.8,2,49.8,73,49.9,4,2,2022-06-01 09:02:02
1654074122473803000,49.8,10,49.8,63,49.9,4,2,2022-06-01 09:02:02
1654074122511547000,49.8,1,49.8,62,49.9,4,2,2022-06-01 09:02:02
1654074122561189000,49.8,2,49.8,65,49.85,1,2,2022-06-01 09:02:02
1654074122561695000,49.8,20,49.8,45,49.85,1,2,2022-06-01 09:02:02
1654074122597250000,49.8,1,49.8,44,49.85,2,2,2022-06-01 09:02:02
1654074122661800000,49.8,1,49.8,43,49.85,12,2,2022-06-01 09:02:02
1654074123096790000,49.85,1,49.8,43,49.85,16,1,2022-06-01 09:02:03
1654074123146083000,49.8,1,49.8,42,49.85,16,2,2022-06-01 09:02:03
1654074123186046000,49.85,1,49.8,42,49.85,15,1,2022-06-01 09:02:03
1654074123396683000,49.85,5,49.8,42,49.85,10,1,2022-06-01 09:02:03
1654074123411865000,49.8,1,49.8,41,49.85,10,2,2022-06-01 09:02:03
1654074123549359000,49.85,1,49.8,40,49.85,9,1,2022-06-01 09:02:03
1654074124161042000,49.85,2,49.8,40,49.85,7,1,2022-06-01 09:02:04
1654074124195613000,49.8,1,49.8,39,49.85,7,2,2022-06-01 09:02:04
1654074124817350000,49.85,4,49.8,39,49.85,3,1,2022-06-01 09:02:04
1654074124827876000,49.85,1,49.8,39,49.85,2,1,2022-06-01 09:02:04
1654074124853085000,49.85,2,49.8,39,49.9,55,1,2022-06-01 09:02:04
1654074124853085000,49.9,1,49.8,39,49.9,55,1,2022-06-01 09:02:04
1654074125090813000,49.9,1,49.8,39,49.9,54,1,2022-06-01 09:02:05
1654074125359116000,49.9,1,49.85,10,49.9,53,1,2022-06-01 09:02:05
1654074125589858000,49.9,10,49.85,10,49.9,43,1,2022-06-01 09:02:05
1654074125940073000,49.9,1,49.85,14,49.9,42,1,2022-06-01 09:02:05
1654074125984868000,49.9,5,49.85,14,49.9,37,1,2022-06-01 09:02:05
1654074126020842000,49.85,1,49.85,15,49.9,37,2,2022-06-01 09:02:06
1654074126211688000,49.9,1,49.85,15,49.9,36,1,2022-06-01 09:02:06
1654074126269789000,49.85,5,49.85,10,49.9,36,2,2022-06-01 09:02:06
1654074126457432000,49.85,12,49.85,14,49.9,36,2,2022-06-01 09:02:06
1654074126501572000,49.85,1,49.85,13,49.9,36,2,2022-06-01 09:02:06
1654074126522957000,49.85,2,49.85,11,49.9,36,2,2022-06-01 09:02:06
1654074126536100000,49.85,1,49.85,10,49.9,36,2,2022-06-01 09:02:06
1654074126699197000,49.9,1,49.85,20,49.9,35,1,2022-06-01 09:02:06
1654074127201545000,49.85,1,49.85,24,49.9,49,2,2022-06-01 09:02:07
1654074127231350000,49.85,10,49.85,14,49.9,49,2,2022-06-01 09:02:07
1654074127538559000,49.9,1,49.85,15,49.9,48,1,2022-06-01 09:02:07
1654074127856044000,49.85,3,49.85,12,49.9,48,2,2022-06-01 09:02:07
1654074127955311000,49.85,2,49.85,10,49.9,51,2,2022-06-01 09:02:07
1654074127994629000,49.85,1,49.85,9,49.9,51,2,2022-06-01 09:02:07
1654074128062533000,49.85,2,49.85,7,49.9,51,2,2022-06-01 09:02:08
1654074128062579000,49.85,2,49.85,5,49.9,51,2,2022-06-01 09:02:08
1654074128062595000,49.85,1,49.85,4,49.9,51,2,2022-06-01 09:02:08
1654074128124877000,49.9,1,49.85,5,49.9,50,1,2022-06-01 09:02:08
1654074128139052000,49.85,1,49.85,4,49.9,50,2,2022-06-01 09:02:08
1654074128202086000,49.85,1,49.85,3,49.9,51,2,2022-06-01 09:02:08
1654074128340795000,49.9,2,49.85,3,49.9,49,1,2022-06-01 09:02:08
1654074128527314000,49.85,2,49.85,1,49.9,49,2,2022-06-01 09:02:08
1654074128654700000,49.9,10,49.85,2,49.9,40,1,2022-06-01 09:02:08
1654074128985083000,49.85,3,49.8,43,49.85,7,2,2022-06-01 09:02:08
1654074129018874000,49.8,1,49.8,42,49.85,7,2,2022-06-01 09:02:09
1654074129070073000,49.85,7,49.85,3,49.9,40,1,2022-06-01 09:02:09
1654074129218383000,49.85,3,49.8,42,49.9,40,2,2022-06-01 09:02:09
1654074129225524000,49.9,1,49.8,42,49.9,39,1,2022-06-01 09:02:09
1654074129679648000,49.9,1,49.85,1,49.9,39,1,2022-06-01 09:02:09
1654074129735777000,49.9,1,49.85,1,49.9,38,1,2022-06-01 09:02:09
1654074129936152000,49.85,1,49.8,43,49.85,9,2,2022-06-01 09:02:09
1654074130320804000,49.8,1,49.8,42,49.85,10,2,2022-06-01 09:02:10
1654074130375068000,49.85,1,49.8,42,49.85,10,1,2022-06-01 09:02:10
1654074130772135000,49.85,1,49.8,43,49.85,9,1,2022-06-01 09:02:10
1654074130917965000,49.85,1,49.8,43,49.85,8,1,2022-06-01 09:02:10
1654074130946336000,49.85,8,49.8,43,49.9,40,1,2022-06-01 09:02:10
1654074131025164000,49.85,1,49.8,44,49.9,40,1,2022-06-01 09:02:11
1654074131516346000,49.85,1,49.8,46,49.9,44,2,2022-06-01 09:02:11
1654074132012549000,49.85,1,49.8,46,49.9,53,2,2022-06-01 09:02:12
1654074132042420000,49.8,4,49.8,42,49.9,53,2,2022-06-01 09:02:12
1654074132057919000,49.85,1,49.8,38,49.9,53,2,2022-06-01 09:02:12
1654074132057919000,49.8,4,49.8,38,49.9,53,2,2022-06-01 09:02:12
1654074132110188000,49.85,2,49.8,37,49.85,13,1,2022-06-01 09:02:12
1654074132115514000,49.85,1,49.8,37,49.85,12,1,2022-06-01 09:02:12
1654074132131594000,49.8,2,49.8,35,49.85,12,2,2022-06-01 09:02:12
1654074132132059000,49.8,10,49.8,25,49.85,12,2,2022-06-01 09:02:12
1654074132166469000,49.8,1,49.8,24,49.85,12,2,2022-06-01 09:02:12
1654074132166954000,49.8,1,49.8,23,49.85,12,2,2022-06-01 09:02:12
1654074132167122000,49.8,1,49.8,22,49.85,12,2,2022-06-01 09:02:12
1654074132172729000,49.8,1,49.8,21,49.85,12,2,2022-06-01 09:02:12
1654074132367810000,49.8,2,49.8,19,49.85,12,2,2022-06-01 09:02:12
1654074132451385000,49.85,1,49.8,19,49.85,12,1,2022-06-01 09:02:12
1654074132483681000,49.8,1,49.8,18,49.85,12,2,2022-06-01 09:02:12
1654074132533596000,49.85,10,49.8,18,49.85,2,1,2022-06-01 09:02:12
1654074132568515000,49.85,1,49.8,18,49.85,1,1,2022-06-01 09:02:12
1654074132688123000,49.8,1,49.8,17,49.85,1,2,2022-06-01 09:02:12
1654074132690050000,49.85,1,49.8,17,49.9,57,1,2022-06-01 09:02:12
1654074132943315000,49.8,1,49.8,17,49.9,60,2,2022-06-01 09:02:12
1654074133486518000,49.9,1,49.8,18,49.9,58,1,2022-06-01 09:02:13
1654074133514849000,49.8,10,49.8,8,49.9,58,2,2022-06-01 09:02:13
1654074133588615000,49.85,1,49.8,8,49.9,58,1,2022-06-01 09:02:13
1654074133906183000,49.8,3,49.8,5,49.85,1,2,2022-06-01 09:02:13
1654074133975316000,49.8,5,49.75,91,49.8,5,2,2022-06-01 09:02:13
1654074134026317000,49.75,1,49.75,90,49.8,15,2,2022-06-01 09:02:14
1654074134155065000,49.8,5,49.75,90,49.8,10,1,2022-06-01 09:02:14
1654074134207504000,49.75,1,49.75,89,49.8,10,2,2022-06-01 09:02:14
1654074134235163000,49.75,1,49.75,88,49.8,10,2,2022-06-01 09:02:14
1654074134316933000,49.8,1,49.75,88,49.8,9,1,2022-06-01 09:02:14
1654074134425421000,49.8,5,49.75,88,49.8,4,1,2022-06-01 09:02:14
1654074134461528000,49.8,2,49.75,88,49.8,2,1,2022-06-01 09:02:14
1654074134463956000,49.75,1,49.75,87,49.8,2,2,2022-06-01 09:02:14
1654074134719521000,49.8,2,49.75,87,49.85,16,1,2022-06-01 09:02:14
1654074134719521000,49.85,1,49.75,87,49.85,16,1,2022-06-01 09:02:14
1654074134737948000,49.85,1,49.75,87,49.85,15,1,2022-06-01 09:02:14
1654074134906396000,49.8,10,49.75,87,49.85,20,2,2022-06-01 09:02:14
1654074134956681000,49.75,5,49.75,82,49.85,20,2,2022-06-01 09:02:14
1654074135025202000,49.75,1,49.75,81,49.8,10,2,2022-06-01 09:02:15
1654074135251861000,49.8,1,49.75,79,49.8,17,1,2022-06-01 09:02:15
1654074135408570000,49.8,2,49.75,77,49.8,45,1,2022-06-01 09:02:15
1654074135452233000,49.75,1,49.75,76,49.8,45,2,2022-06-01 09:02:15
1654074135481007000,49.8,1,49.75,76,49.8,44,1,2022-06-01 09:02:15
1654074135503914000,49.8,1,49.75,76,49.8,43,1,2022-06-01 09:02:15
1654074135516267000,49.8,2,49.75,76,49.8,41,1,2022-06-01 09:02:15
1654074135684191000,49.8,1,49.75,76,49.8,40,1,2022-06-01 09:02:15
1654074135782717000,49.8,2,49.75,76,49.8,38,1,2022-06-01 09:02:15
1654074135817532000,49.75,1,49.75,75,49.8,38,2,2022-06-01 09:02:15
1654074135937307000,49.75,1,49.75,74,49.8,40,2,2022-06-01 09:02:15
1654074136065733000,49.75,1,49.75,73,49.8,40,2,2022-06-01 09:02:16
1654074136128277000,49.8,2,49.75,73,49.8,38,1,2022-06-01 09:02:16
1654074136439523000,49.8,1,49.75,73,49.8,42,1,2022-06-01 09:02:16
1654074136544605000,49.8,1,49.75,73,49.8,41,1,2022-06-01 09:02:16
1654074136601563000,49.75,70,49.75,3,49.8,41,2,2022-06-01 09:02:16
1654074136625344000,49.75,3,49.7,31,49.8,41,2,2022-06-01 09:02:16
1654074136690560000,49.75,10,49.7,31,49.75,9,1,2022-06-01 09:02:16
1654074136833993000,49.7,1,49.7,28,49.75,9,2,2022-06-01 09:02:16
1654074136862179000,49.7,2,49.7,26,49.75,9,2,2022-06-01 09:02:16
1654074137041033000,49.75,1,49.7,26,49.75,19,1,2022-06-01 09:02:17
1654074137133661000,49.75,1,49.7,26,49.75,20,1,2022-06-01 09:02:17
1654074137381255000,49.7,1,49.7,25,49.75,20,2,2022-06-01 09:02:17
1654074137420645000,49.7,10,49.7,15,49.75,20,2,2022-06-01 09:02:17
1654074137453335000,49.7,1,49.7,14,49.75,20,2,2022-06-01 09:02:17
1654074137462672000,49.7,1,49.7,13,49.75,20,2,2022-06-01 09:02:17
1654074137662381000,49.7,4,49.7,9,49.75,20,2,2022-06-01 09:02:17
1654074137694000000,49.7,1,49.7,8,49.75,22,2,2022-06-01 09:02:17
1654074137723038000,49.7,1,49.7,7,49.75,22,2,2022-06-01 09:02:17
1654074137915856000,49.7,2,49.7,5,49.75,14,2,2022-06-01 09:02:17
1654074138013750000,49.75,2,49.7,5,49.75,13,1,2022-06-01 09:02:18
1654074138071796000,49.75,3,49.7,5,49.75,8,1,2022-06-01 09:02:18
1654074138118250000,49.7,1,49.7,4,49.75,8,2,2022-06-01 09:02:18
1654074138148482000,49.7,3,49.7,1,49.75,6,2,2022-06-01 09:02:18
1654074138188375000,49.7,2,49.65,11,49.7,5,2,2022-06-01 09:02:18
1654074138287374000,49.7,3,49.65,11,49.7,2,1,2022-06-01 09:02:18
1654074138301041000,49.65,2,49.65,9,49.7,2,2,2022-06-01 09:02:18
1654074138326609000,49.65,1,49.65,8,49.7,2,2,2022-06-01 09:02:18
1654074138340364000,49.65,1,49.65,7,49.7,2,2,2022-06-01 09:02:18
1654074138405919000,49.65,7,49.6,16,49.7,5,2,2022-06-01 09:02:18
1654074138405919000,49.6,13,49.6,16,49.7,5,2,2022-06-01 09:02:18
1654074138499230000,49.6,1,49.6,20,49.65,3,2,2022-06-01 09:02:18
1654074138501936000,49.65,2,49.6,20,49.65,1,1,2022-06-01 09:02:18
1654074138537904000,49.6,1,49.6,19,49.65,1,2,2022-06-01 09:02:18
1654074138602357000,49.65,1,49.6,19,49.7,6,1,2022-06-01 09:02:18
1654074138602357000,49.7,1,49.6,19,49.7,6,1,2022-06-01 09:02:18
1654074138701100000,49.7,2,49.6,19,49.7,8,1,2022-06-01 09:02:18
1654074138715214000,49.6,1,49.6,18,49.7,8,2,2022-06-01 09:02:18
1654074139294548000,49.7,8,49.6,8,49.75,6,1,2022-06-01 09:02:19
1654074139294548000,49.75,2,49.6,8,49.75,6,1,2022-06-01 09:02:19
1654074139359438000,49.75,1,49.6,9,49.75,5,1,2022-06-01 09:02:19
1654074139644570000,49.6,1,49.6,8,49.7,2,2,2022-06-01 09:02:19
1654074139891620000,49.6,1,49.6,7,49.7,2,2,2022-06-01 09:02:19
1654074139893651000,49.7,1,49.6,7,49.7,1,1,2022-06-01 09:02:19
1654074140130422000,49.6,7,49.55,24,49.6,3,2,2022-06-01 09:02:20
1654074140136728000,49.55,1,49.55,23,49.6,3,2,2022-06-01 09:02:20
1654074140144786000,49.6,1,49.55,23,49.6,2,1,2022-06-01 09:02:20
1654074140150089000,49.6,1,49.55,23,49.6,1,1,2022-06-01 09:02:20
1654074140158596000,49.6,1,49.55,23,49.7,1,1,2022-06-01 09:02:20
1654074140162445000,49.55,1,49.55,22,49.7,1,2,2022-06-01 09:02:20
1654074140371513000,49.6,2,49.55,22,49.7,2,2,2022-06-01 09:02:20
1654074140385107000,49.55,5,49.55,17,49.7,2,2,2022-06-01 09:02:20
1654074140597464000,49.7,3,49.55,17,49.75,8,1,2022-06-01 09:02:20
1654074140597464000,49.75,2,49.55,17,49.75,8,1,2022-06-01 09:02:20
1654074140709026000,49.65,1,49.65,1,49.75,8,2,2022-06-01 09:02:20
1654074140768793000,49.65,1,49.55,17,49.7,3,2,2022-06-01 09:02:20
1654074140873945000,49.55,3,49.55,14,49.7,3,2,2022-06-01 09:02:20
1654074141006650000,49.6,3,49.6,9,49.7,3,2,2022-06-01 09:02:21
1654074141208457000,49.65,1,49.6,20,49.75,58,1,2022-06-01 09:02:21
1654074141208457000,49.7,3,49.6,20,49.75,58,1,2022-06-01 09:02:21
1654074141675546000,49.6,3,49.6,19,49.75,60,2,2022-06-01 09:02:21
1654074141755272000,49.75,2,49.6,19,49.75,58,1,2022-06-01 09:02:21
1654074141925861000,49.7,1,49.6,19,49.7,1,2,2022-06-01 09:02:21
1654074142086686000,49.6,2,49.6,17,49.7,1,2,2022-06-01 09:02:22
1654074142259404000,49.65,5,49.6,17,49.65,1,1,2022-06-01 09:02:22
1654074142278901000,49.6,1,49.6,16,49.65,1,2,2022-06-01 09:02:22
1654074142396396000,49.65,1,49.65,1,49.7,11,1,2022-06-01 09:02:22
1654074142419546000,49.65,1,49.6,16,49.7,11,2,2022-06-01 09:02:22
1654074142557566000,49.6,2,49.6,14,49.65,3,2,2022-06-01 09:02:22
1654074142613299000,49.65,3,49.6,14,49.7,9,1,2022-06-01 09:02:22
1654074142613299000,49.7,2,49.6,14,49.7,9,1,2022-06-01 09:02:22
1654074142634563000,49.6,2,49.6,12,49.7,9,2,2022-06-01 09:02:22
1654074142746185000,49.6,3,49.6,9,49.65,1,2,2022-06-01 09:02:22
1654074142911166000,49.65,1,49.6,11,49.7,9,1,2022-06-01 09:02:22
1654074143074387000,49.6,1,49.6,13,49.7,9,2,2022-06-01 09:02:23
1654074143079467000,49.6,1,49.6,12,49.7,9,2,2022-06-01 09:02:23
1654074143085448000,49.6,3,49.6,9,49.7,9,2,2022-06-01 09:02:23
1654074143120540000,49.6,2,49.6,7,49.7,9,2,2022-06-01 09:02:23
1654074143157671000,49.6,1,49.6,6,49.7,9,2,2022-06-01 09:02:23
1654074143255889000,49.6,2,49.6,4,49.65,1,2,2022-06-01 09:02:23
1654074143312886000,49.6,2,49.6,2,49.65,1,2,2022-06-01 09:02:23
1654074143485908000,49.6,1,49.6,2,49.65,1,2,2022-06-01 09:02:23
1654074143486655000,49.6,2,49.55,8,49.65,1,2,2022-06-01 09:02:23
1654074143486655000,49.55,9,49.55,8,49.65,1,2,2022-06-01 09:02:23
1654074143677241000,49.6,1,49.55,9,49.6,3,1,2022-06-01 09:02:23
1654074143935150000,49.55,1,49.55,8,49.6,3,2,2022-06-01 09:02:23
1654074143973761000,49.55,1,49.55,7,49.6,3,2,2022-06-01 09:02:23
1654074144170055000,49.6,1,49.55,7,49.6,2,1,2022-06-01 09:02:24
1654074144186727000,49.6,2,49.6,3,49.65,3,1,2022-06-01 09:02:24
1654074144298226000,49.65,3,49.6,3,49.7,10,1,2022-06-01 09:02:24
1654074144298226000,49.7,2,49.6,3,49.7,10,1,2022-06-01 09:02:24
1654074144416960000,49.7,1,49.6,6,49.7,9,1,2022-06-01 09:02:24
1654074144475339000,49.65,1,49.6,6,49.75,48,1,2022-06-01 09:02:24
1654074144475339000,49.7,9,49.6,6,49.75,48,1,2022-06-01 09:02:24
1654074144475339000,49.75,10,49.6,6,49.75,48,1,2022-06-01 09:02:24
1654074144719082000,49.7,1,49.7,3,49.75,48,2,2022-06-01 09:02:24
1654074144841647000,49.7,3,49.65,4,49.75,48,2,2022-06-01 09:02:24
1654074144841647000,49.65,7,49.65,4,49.75,48,2,2022-06-01 09:02:24
1654074144842351000,49.65,1,49.65,3,49.75,48,2,2022-06-01 09:02:24
1654074144879466000,49.65,1,49.65,2,49.75,48,2,2022-06-01 09:02:24
1654074145161810000,49.65,2,49.65,10,49.75,48,2,2022-06-01 09:02:25
1654074145272140000,49.65,1,49.65,14,49.75,48,2,2022-06-01 09:02:25
1654074145452125000,49.65,1,49.65,23,49.75,48,2,2022-06-01 09:02:25
1654074145631899000,49.65,1,49.65,34,49.75,48,2,2022-06-01 09:02:25
1654074145873429000,49.65,1,49.65,41,49.7,1,2,2022-06-01 09:02:25
1654074145890724000,49.7,1,49.65,41,49.75,48,1,2022-06-01 09:02:25
1654074145924181000,49.7,1,49.65,41,49.75,48,1,2022-06-01 09:02:25
1654074145948570000,49.65,1,49.65,40,49.75,48,2,2022-06-01 09:02:25
1654074146019984000,49.65,4,49.65,36,49.7,1,2,2022-06-01 09:02:26
1654074146221485000,49.65,10,49.65,26,49.7,1,2,2022-06-01 09:02:26
1654074146269963000,49.65,16,49.65,10,49.7,1,2,2022-06-01 09:02:26
1654074146305175000,49.65,1,49.65,9,49.7,2,2,2022-06-01 09:02:26
1654074146398658000,49.65,1,49.65,8,49.7,3,2,2022-06-01 09:02:26
1654074146726434000,49.65,1,49.65,7,49.7,3,2,2022-06-01 09:02:26
1654074146787142000,49.65,1,49.65,6,49.7,3,2,2022-06-01 09:02:26
1654074146951413000,49.7,3,49.7,7,49.75,48,1,2022-06-01 09:02:26
1654074147022907000,49.75,2,49.7,7,49.75,46,1,2022-06-01 09:02:27
1654074147121467000,49.75,2,49.7,7,49.75,44,1,2022-06-01 09:02:27
1654074147216047000,49.7,1,49.7,6,49.75,44,2,2022-06-01 09:02:27
1654074147338778000,49.7,5,49.7,1,49.75,44,2,2022-06-01 09:02:27
1654074147620514000,49.7,1,49.65,6,49.75,45,2,2022-06-01 09:02:27
1654074147753297000,49.65,10,49.65,2,49.75,45,2,2022-06-01 09:02:27
1654074147804443000,49.65,2,49.65,1,49.75,45,2,2022-06-01 09:02:27
1654074147832318000,49.7,1,49.65,1,49.75,45,1,2022-06-01 09:02:27
1654074147865944000,49.75,5,49.65,1,49.75,40,1,2022-06-01 09:02:27
1654074147913466000,49.65,1,49.6,12,49.75,40,2,2022-06-01 09:02:27
1654074148012894000,49.75,1,49.6,15,49.75,39,1,2022-06-01 09:02:28
1654074148079480000,49.6,1,49.6,14,49.75,39,2,2022-06-01 09:02:28
1654074148309609000,49.7,2,49.7,8,49.75,39,1,2022-06-01 09:02:28
1654074148470729000,49.75,1,49.7,8,49.75,38,1,2022-06-01 09:02:28
1654074148541199000,49.7,1,49.7,7,49.75,38,2,2022-06-01 09:02:28
1654074148556072000,49.7,1,49.7,6,49.75,38,2,2022-06-01 09:02:28
1654074148628787000,49.75,10,49.7,6,49.75,28,1,2022-06-01 09:02:28
1654074149015472000,49.75,1,49.7,6,49.75,27,1,2022-06-01 09:02:29
1654074149491280000,49.75,15,49.7,6,49.75,13,1,2022-06-01 09:02:29
1654074149501458000,49.7,1,49.7,5,49.75,13,2,2022-06-01 09:02:29
1654074149792178000,49.7,1,49.7,4,49.75,13,2,2022-06-01 09:02:29
1654074149871950000,49.75,1,49.7,4,49.75,12,1,2022-06-01 09:02:29
1654074150011911000,49.7,2,49.7,3,49.75,12,2,2022-06-01 09:02:30
1654074150024741000,49.7,3,49.65,8,49.7,1,2,2022-06-01 09:02:30
1654074150144546000,49.7,1,49.65,8,49.7,50,1,2022-06-01 09:02:30
1654074150214861000,49.65,1,49.65,7,49.7,50,2,2022-06-01 09:02:30
1654074150273166000,49.7,1,49.65,7,49.7,59,1,2022-06-01 09:02:30
1654074150409082000,49.65,4,49.65,3,49.7,59,2,2022-06-01 09:02:30
1654074150410674000,49.7,2,49.65,3,49.7,57,1,2022-06-01 09:02:30
1654074150420830000,49.7,5,49.65,3,49.7,52,1,2022-06-01 09:02:30
1654074150436987000,49.65,1,49.65,2,49.7,52,2,2022-06-01 09:02:30
1654074150450802000,49.65,1,49.65,1,49.7,52,2,2022-06-01 09:02:30
1654074150876386000,49.65,1,49.6,34,49.7,52,2,2022-06-01 09:02:30
1654074151094955000,49.65,1,49.6,32,49.7,50,1,2022-06-01 09:02:31
1654074151094955000,49.7,2,49.6,32,49.7,50,1,2022-06-01 09:02:31
1654074151097745000,49.7,16,49.6,32,49.7,34,1,2022-06-01 09:02:31
1654074151668622000,49.65,1,49.6,35,49.65,2,1,2022-06-01 09:02:31
1654074151735588000,49.65,1,49.6,35,49.65,1,1,2022-06-01 09:02:31
1654074151737603000,49.65,1,49.6,35,49.7,35,1,2022-06-01 09:02:31
1654074151816466000,49.65,1,49.65,2,49.7,35,2,2022-06-01 09:02:31
1654074151979429000,49.7,1,49.65,2,49.7,35,1,2022-06-01 09:02:31
1654074152012414000,49.7,1,49.65,2,49.7,34,1,2022-06-01 09:02:32
1654074152036886000,49.65,2,49.6,35,49.65,8,2,2022-06-01 09:02:32
1654074152197320000,49.65,1,49.6,34,49.65,7,1,2022-06-01 09:02:32
1654074152501457000,49.65,5,49.6,34,49.65,2,1,2022-06-01 09:02:32
1654074152515496000,49.65,2,49.6,34,49.7,35,1,2022-06-01 09:02:32
1654074152534877000,49.6,1,49.6,33,49.7,35,2,2022-06-01 09:02:32
1654074152558639000,49.7,1,49.6,33,49.7,34,1,2022-06-01 09:02:32
1654074152900865000,49.7,1,49.65,11,49.7,44,1,2022-06-01 09:02:32
1654074152958269000,49.65,1,49.65,10,49.7,44,2,2022-06-01 09:02:32
1654074152981622000,49.7,10,49.65,10,49.7,34,1,2022-06-01 09:02:32
1654074153388593000,49.7,1,49.65,10,49.7,33,1,2022-06-01 09:02:33
1654074153784021000,49.7,54,49.65,11,49.75,17,1,2022-06-01 09:02:33
1654074153848498000,49.7,1,49.65,11,49.75,17,1,2022-06-01 09:02:33
1654074154159013000,49.65,10,49.65,1,49.75,17,2,2022-06-01 09:02:34
1654074154202423000,49.7,1,49.65,1,49.75,17,2,2022-06-01 09:02:34
1654074154458490000,49.7,3,49.6,25,49.75,18,2,2022-06-01 09:02:34
1654074154458490000,49.65,3,49.6,25,49.75,18,2,2022-06-01 09:02:34
1654074154458490000,49.6,14,49.6,25,49.75,18,2,2022-06-01 09:02:34
1654074154534806000,49.65,1,49.6,25,49.7,3,2,2022-06-01 09:02:34
1654074154748026000,49.65,1,49.6,23,49.7,4,2,2022-06-01 09:02:34
1654074154748026000,49.6,3,49.6,23,49.7,4,2,2022-06-01 09:02:34
1654074155202934000,49.7,1,49.65,2,49.7,5,1,2022-06-01 09:02:35
1654074155290180000,49.65,1,49.65,2,49.7,5,2,2022-06-01 09:02:35
1654074155424433000,49.65,2,49.65,1,49.7,5,2,2022-06-01 09:02:35
1654074155505320000,49.7,1,49.65,1,49.7,4,1,2022-06-01 09:02:35
1654074155674043000,49.65,2,49.6,32,49.65,13,2,2022-06-01 09:02:35
1654074155691615000,49.65,1,49.6,32,49.65,12,1,2022-06-01 09:02:35
1654074155709999000,49.65,5,49.6,32,49.65,7,1,2022-06-01 09:02:35
1654074155722332000,49.65,3,49.6,32,49.65,4,1,2022-06-01 09:02:35
1654074155749998000,49.65,4,49.6,32,49.7,4,1,2022-06-01 09:02:35
1654074155851767000,49.6,1,49.6,32,49.7,4,2,2022-06-01 09:02:35
1654074155939197000,49.7,4,49.65,10,49.75,17,1,2022-06-01 09:02:35
1654074155939197000,49.75,1,49.65,10,49.75,17,1,2022-06-01 09:02:35
1654074156061791000,49.65,1,49.65,9,49.7,1,2,2022-06-01 09:02:36
1654074156100544000,49.65,1,49.65,8,49.7,1,2,2022-06-01 09:02:36
1654074156111476000,49.7,1,49.7,9,49.75,15,1,2022-06-01 09:02:36
1654074156220114000,49.7,2,49.7,7,49.75,15,2,2022-06-01 09:02:36
1654074156365921000,49.7,7,49.65,5,49.75,15,2,2022-06-01 09:02:36
1654074156365921000,49.65,3,49.65,5,49.75,15,2,2022-06-01 09:02:36
1654074156492671000,49.65,1,49.65,5,49.75,15,2,2022-06-01 09:02:36
1654074156531832000,49.75,5,49.65,5,49.75,10,1,2022-06-01 09:02:36
1654074156641258000,49.65,1,49.65,4,49.75,10,2,2022-06-01 09:02:36
1654074156899546000,49.7,1,49.7,10,49.75,10,2,2022-06-01 09:02:36
1654074157199976000,49.7,1,49.7,9,49.75,10,2,2022-06-01 09:02:37
1654074157247307000,49.7,1,49.7,8,49.75,10,2,2022-06-01 09:02:37
1654074157547832000,49.7,1,49.7,7,49.75,10,2,2022-06-01 09:02:37
1654074157582263000,49.7,1,49.7,6,49.75,10,2,2022-06-01 09:02:37
1654074157693832000,49.7,4,49.7,2,49.75,11,2,2022-06-01 09:02:37
1654074157707179000,49.7,2,49.65,19,49.75,11,2,2022-06-01 09:02:37
1654074158325095000,49.7,1,49.65,26,49.75,11,2,2022-06-01 09:02:38
1654074158519424000,49.7,1,49.7,1,49.75,11,2,2022-06-01 09:02:38
1654074158619361000,49.7,1,49.65,27,49.75,11,2,2022-06-01 09:02:38
1654074159065372000,49.7,2,49.65,39,49.75,9,1,2022-06-01 09:02:39
1654074159065372000,49.75,3,49.65,39,49.75,9,1,2022-06-01 09:02:39
1654074159407324000,49.65,1,49.65,38,49.7,1,2,2022-06-01 09:02:39
1654074159616039000,49.7,1,49.65,39,49.75,10,1,2022-06-01 09:02:39
1654074159901913000,49.7,2,49.7,8,49.75,10,1,2022-06-01 09:02:39
1654074160459084000,49.7,2,49.7,7,49.75,24,2,2022-06-01 09:02:40
1654074160462840000,49.75,1,49.7,7,49.75,23,1,2022-06-01 09:02:40
1654074160630884000,49.75,3,49.7,9,49.75,20,1,2022-06-01 09:02:40
1654074160706093000,49.7,3,49.7,7,49.75,20,2,2022-06-01 09:02:40
1654074160783628000,49.7,4,49.7,3,49.75,20,2,2022-06-01 09:02:40
1654074161445686000,49.7,1,49.7,4,49.75,20,2,2022-06-01 09:02:41
1654074161474785000,49.7,1,49.7,3,49.75,20,2,2022-06-01 09:02:41
1654074161597630000,49.7,2,49.7,3,49.75,20,2,2022-06-01 09:02:41
1654074161838685000,49.75,1,49.7,3,49.75,19,1,2022-06-01 09:02:41
1654074161952980000,49.7,1,49.7,4,49.75,19,2,2022-06-01 09:02:41
1654074162062350000,49.7,2,49.7,3,49.75,19,2,2022-06-01 09:02:42
1654074162692932000,49.7,1,49.7,9,49.75,19,2,2022-06-01 09:02:42
1654074162760929000,49.7,5,49.7,8,49.75,19,2,2022-06-01 09:02:42
1654074163577281000,49.7,1,49.7,10,49.75,20,2,2022-06-01 09:02:43
1654074163890531000,49.7,2,49.7,19,49.75,26,2,2022-06-01 09:02:43
1654074163985014000,49.7,1,49.7,18,49.75,26,2,2022-06-01 09:02:43
1654074164268719000,49.7,1,49.7,50,49.75,26,2,2022-06-01 09:02:44
1654074164330788000,49.7,9,49.7,42,49.75,27,2,2022-06-01 09:02:44
1654074164366427000,49.7,10,49.7,32,49.75,27,2,2022-06-01 09:02:44
1654074164461140000,49.7,10,49.7,23,49.75,27,2,2022-06-01 09:02:44
1654074164666549000,49.75,3,49.7,34,49.75,24,1,2022-06-01 09:02:44
1654074164850860000,49.7,3,49.7,31,49.75,24,2,2022-06-01 09:02:44
1654074165289399000,49.7,1,49.7,45,49.75,25,2,2022-06-01 09:02:45
1654074165355905000,49.7,2,49.7,44,49.75,25,2,2022-06-01 09:02:45
1654074165451031000,49.7,1,49.7,43,49.75,25,2,2022-06-01 09:02:45
1654074165559738000,49.7,10,49.7,33,49.75,25,2,2022-06-01 09:02:45
1654074165703884000,49.75,2,49.7,35,49.75,23,1,2022-06-01 09:02:45
1654074165909519000,49.7,10,49.7,28,49.75,25,2,2022-06-01 09:02:45
1654074165987709000,49.75,2,49.7,40,49.75,23,1,2022-06-01 09:02:45
1654074166351817000,49.7,1,49.7,52,49.75,23,2,2022-06-01 09:02:46
1654074166355417000,49.75,1,49.7,52,49.75,22,1,2022-06-01 09:02:46
1654074166456853000,49.7,1,49.7,51,49.75,22,2,2022-06-01 09:02:46
1654074166583059000,49.75,1,49.7,52,49.75,21,1,2022-06-01 09:02:46
1654074166823707000,49.7,2,49.7,51,49.75,21,2,2022-06-01 09:02:46
1654074167450152000,49.75,10,49.7,53,49.75,13,1,2022-06-01 09:02:47
1654074167464070000,49.75,2,49.7,53,49.75,11,1,2022-06-01 09:02:47
1654074167592157000,49.7,1,49.7,53,49.75,11,2,2022-06-01 09:02:47
1654074167606737000,49.75,4,49.7,53,49.75,7,1,2022-06-01 09:02:47
1654074167612480000,49.75,2,49.7,53,49.75,5,1,2022-06-01 09:02:47
1654074167647907000,49.75,1,49.7,53,49.75,4,1,2022-06-01 09:02:47
1654074167786682000,49.7,1,49.7,53,49.75,4,2,2022-06-01 09:02:47
1654074167804306000,49.7,1,49.7,52,49.75,4,2,2022-06-01 09:02:47
1654074168110228000,49.7,2,49.7,51,49.75,5,2,2022-06-01 09:02:48
1654074168274691000,49.75,1,49.7,51,49.75,4,1,2022-06-01 09:02:48
1654074168330013000,49.75,4,49.7,51,49.8,26,1,2022-06-01 09:02:48
1654074168715191000,49.7,1,49.7,53,49.75,1,2,2022-06-01 09:02:48
1654074168760468000,49.75,1,49.7,53,49.8,26,1,2022-06-01 09:02:48
1654074168800067000,49.75,1,49.75,9,49.8,26,2,2022-06-01 09:02:48
1654074168942244000,49.75,5,49.75,5,49.8,26,2,2022-06-01 09:02:48
1654074169085005000,49.75,1,49.75,4,49.8,26,2,2022-06-01 09:02:49
1654074169092740000,49.75,1,49.75,3,49.8,26,2,2022-06-01 09:02:49
1654074169193231000,49.75,1,49.75,2,49.8,26,2,2022-06-01 09:02:49
1654074169371481000,49.75,1,49.75,3,49.8,26,2,2022-06-01 09:02:49
1654074169591173000,49.75,4,49.75,6,49.8,26,2,2022-06-01 09:02:49
1654074169633188000,49.75,1,49.75,6,49.8,26,2,2022-06-01 09:02:49
1654074169770284000,49.8,5,49.75,6,49.8,21,1,2022-06-01 09:02:49
1654074169897703000,49.75,5,49.75,1,49.8,16,2,2022-06-01 09:02:49
1654074170057426000,49.75,3,49.75,28,49.8,16,2,2022-06-01 09:02:50
1654074170321709000,49.75,1,49.75,32,49.8,16,2,2022-06-01 09:02:50
1654074170460835000,49.75,1,49.75,31,49.8,16,2,2022-06-01 09:02:50
1654074170667117000,49.75,1,49.75,32,49.8,16,2,2022-06-01 09:02:50
1654074170857940000,49.8,16,49.8,1,49.85,13,1,2022-06-01 09:02:50
1654074172080521000,49.85,1,49.8,1,49.85,12,1,2022-06-01 09:02:52
1654074172331696000,49.85,2,49.8,1,49.85,10,1,2022-06-01 09:02:52
1654074172371883000,49.8,1,49.75,49,49.85,10,2,2022-06-01 09:02:52
1654074172890178000,49.85,1,49.75,52,49.85,9,1,2022-06-01 09:02:52
1654074173023206000,49.75,1,49.75,53,49.85,9,2,2022-06-01 09:02:53
1654074173122453000,49.85,3,49.75,76,49.85,6,1,2022-06-01 09:02:53
1654074173177272000,49.75,6,49.75,70,49.85,6,2,2022-06-01 09:02:53
1654074173595531000,49.85,1,49.8,2,49.85,5,1,2022-06-01 09:02:53
1654074173631988000,49.8,2,49.75,75,49.85,5,2,2022-06-01 09:02:53
1654074173631988000,49.75,3,49.75,75,49.85,5,2,2022-06-01 09:02:53
1654074173632084000,49.75,5,49.75,70,49.85,5,2,2022-06-01 09:02:53
1654074173632198000,49.75,10,49.75,60,49.85,5,2,2022-06-01 09:02:53
1654074173632368000,49.75,5,49.75,55,49.85,5,2,2022-06-01 09:02:53
1654074173695291000,49.75,1,49.75,54,49.85,8,2,2022-06-01 09:02:53
1654074173960580000,49.75,1,49.75,56,49.85,7,2,2022-06-01 09:02:53
1654074174698712000,49.85,2,49.8,1,49.85,4,1,2022-06-01 09:02:54
1654074175301789000,49.8,2,49.8,6,49.85,4,2,2022-06-01 09:02:55
1654074175331473000,49.8,1,49.8,5,49.85,4,2,2022-06-01 09:02:55
1654074175663742000,49.8,6,49.75,62,49.85,4,2,2022-06-01 09:02:55
1654074175663742000,49.75,4,49.75,62,49.85,4,2,2022-06-01 09:02:55
1654074175663924000,49.75,5,49.75,57,49.85,4,2,2022-06-01 09:02:55
1654074175664129000,49.75,5,49.75,52,49.85,4,2,2022-06-01 09:02:55
1654074175664239000,49.75,5,49.75,47,49.85,4,2,2022-06-01 09:02:55
1654074175816607000,49.85,1,49.75,47,49.85,4,1,2022-06-01 09:02:55
1654074175957252000,49.85,1,49.75,47,49.85,2,1,2022-06-01 09:02:55
1654074176246064000,49.8,1,49.75,48,49.8,10,1,2022-06-01 09:02:56
1654074176437499000,49.75,1,49.75,47,49.8,10,2,2022-06-01 09:02:56
1654074176700789000,49.8,1,49.75,47,49.8,10,1,2022-06-01 09:02:56
1654074176893977000,49.8,10,49.85,38,49.9,44,1,2022-06-01 09:02:56
1654074176893977000,49.85,2,49.85,38,49.9,44,1,2022-06-01 09:02:56
1654074176986989000,49.85,1,49.85,37,49.9,44,2,2022-06-01 09:02:56
1654074177126316000,49.85,1,49.85,36,49.9,44,2,2022-06-01 09:02:57
1654074177153324000,49.85,3,49.85,33,49.9,44,2,2022-06-01 09:02:57
1654074177355282000,49.85,6,49.85,27,49.9,44,2,2022-06-01 09:02:57
1654074177738690000,49.85,1,49.85,27,49.9,44,2,2022-06-01 09:02:57
1654074177989263000,49.9,1,49.85,28,49.9,43,1,2022-06-01 09:02:57
1654074178086470000,49.9,26,49.85,29,49.9,116,1,2022-06-01 09:02:58
1654074178664861000,49.85,4,49.85,29,49.9,116,2,2022-06-01 09:02:58
1654074179592153000,49.85,1,49.85,31,49.9,119,2,2022-06-01 09:02:59
1654074179604422000,49.85,2,49.85,29,49.9,119,2,2022-06-01 09:02:59
1654074180054695000,49.85,1,49.85,35,49.9,119,2,2022-06-01 09:03:00
1654074180379544000,49.85,14,49.85,22,49.9,119,2,2022-06-01 09:03:00
1654074180385595000,49.9,4,49.85,22,49.9,115,1,2022-06-01 09:03:00
1654074180424344000,49.85,1,49.85,21,49.9,115,2,2022-06-01 09:03:00
1654074180424578000,49.85,1,49.85,20,49.9,115,2,2022-06-01 09:03:00
1654074180433284000,49.85,1,49.85,19,49.9,115,2,2022-06-01 09:03:00
1654074180436518000,49.85,1,49.85,18,49.9,115,2,2022-06-01 09:03:00
1654074180441963000,49.85,1,49.85,17,49.9,115,2,2022-06-01 09:03:00
1654074180467003000,49.85,3,49.85,14,49.9,115,2,2022-06-01 09:03:00
1654074180590133000,49.9,10,49.85,14,49.9,105,1,2022-06-01 09:03:00
1654074180846931000,49.85,1,49.85,13,49.9,107,2,2022-06-01 09:03:00
1654074180953617000,49.85,10,49.85,4,49.9,107,2,2022-06-01 09:03:00
1654074181143116000,49.85,1,49.85,3,49.9,107,2,2022-06-01 09:03:01
1654074181283196000,49.85,1,49.85,4,49.9,108,2,2022-06-01 09:03:01
1654074181629131000,49.9,1,49.85,20,49.9,107,1,2022-06-01 09:03:01
1654074181641059000,49.9,1,49.85,20,49.9,106,1,2022-06-01 09:03:01
1654074181762251000,49.85,21,49.8,52,49.9,106,2,2022-06-01 09:03:01
1654074181880954000,49.85,1,49.8,52,49.85,1,1,2022-06-01 09:03:01
1654074181883391000,49.85,1,49.8,52,49.9,105,1,2022-06-01 09:03:01
1654074181883391000,49.9,1,49.8,52,49.9,105,1,2022-06-01 09:03:01
1654074181980860000,49.9,2,49.85,1,49.9,103,1,2022-06-01 09:03:01
1654074182109572000,49.9,10,49.85,2,49.9,93,1,2022-06-01 09:03:02
1654074182128198000,49.85,1,49.85,1,49.9,93,2,2022-06-01 09:03:02
1654074182335364000,49.85,4,49.8,57,49.85,14,2,2022-06-01 09:03:02
1654074182419401000,49.85,1,49.8,55,49.85,17,1,2022-06-01 09:03:02
1654074182598530000,49.85,17,49.8,56,49.95,15,1,2022-06-01 09:03:02
1654074182598530000,49.9,98,49.8,56,49.95,15,1,2022-06-01 09:03:02
1654074182598530000,49.95,185,49.8,56,49.95,15,1,2022-06-01 09:03:02
1654074182625801000,49.95,3,49.8,56,49.95,12,1,2022-06-01 09:03:02
1654074182629592000,49.85,1,49.85,3,49.95,12,2,2022-06-01 09:03:02
1654074182801472000,49.9,1,49.9,3,49.95,12,2,2022-06-01 09:03:02
1654074183536269000,49.95,2,49.9,51,49.95,10,1,2022-06-01 09:03:03
1654074183599755000,49.95,5,49.9,52,49.95,5,1,2022-06-01 09:03:03
1654074183685798000,49.9,10,49.9,42,49.95,5,2,2022-06-01 09:03:03
1654074183762096000,49.9,1,49.9,42,49.95,5,2,2022-06-01 09:03:03
1654074183896950000,49.95,6,49.95,32,50.0,216,1,2022-06-01 09:03:03
1654074184045585000,50.0,5,49.95,34,50.0,211,1,2022-06-01 09:03:04
1654074184045782000,50.0,5,49.95,34,50.0,206,1,2022-06-01 09:03:04
1654074184418966000,50.0,1,49.95,36,50.0,207,1,2022-06-01 09:03:04
1654074184577109000,50.0,1,49.95,36,50.0,206,1,2022-06-01 09:03:04
1654074185005887000,50.0,2,49.95,36,50.0,197,1,2022-06-01 09:03:05
1654074185251419000,50.0,10,49.95,38,50.0,187,1,2022-06-01 09:03:05
1654074185417029000,50.0,10,49.95,38,50.0,177,1,2022-06-01 09:03:05
1654074185423970000,50.0,1,49.95,38,50.0,176,1,2022-06-01 09:03:05
1654074185545626000,50.0,20,49.95,38,50.0,156,1,2022-06-01 09:03:05
1654074185710467000,50.0,20,49.95,36,50.0,136,1,2022-06-01 09:03:05
1654074185984497000,50.0,14,49.95,37,50.0,122,1,2022-06-01 09:03:05
1654074186086004000,50.0,3,49.95,37,50.0,124,1,2022-06-01 09:03:06
1654074186168699000,50.0,1,49.95,38,50.0,123,1,2022-06-01 09:03:06
1654074186329721000,49.95,1,49.95,37,50.0,123,2,2022-06-01 09:03:06
1654074186368485000,49.95,1,49.95,36,50.0,123,2,2022-06-01 09:03:06
1654074186369201000,49.95,1,49.95,35,50.0,123,2,2022-06-01 09:03:06
1654074186431375000,50.0,1,49.95,35,50.0,122,1,2022-06-01 09:03:06
1654074186480823000,50.0,10,49.95,35,50.0,112,1,2022-06-01 09:03:06
1654074186507063000,50.0,1,49.95,35,50.0,111,1,2022-06-01 09:03:06
1654074186524945000,50.0,10,49.95,35,50.0,101,1,2022-06-01 09:03:06
1654074186796486000,50.0,1,49.95,35,50.0,100,1,2022-06-01 09:03:06
1654074186825140000,49.95,2,49.95,33,50.0,100,2,2022-06-01 09:03:06
1654074186916529000,50.0,27,49.95,6,50.0,73,1,2022-06-01 09:03:06
1654074187077280000,50.0,2,49.95,10,50.0,71,1,2022-06-01 09:03:07
1654074187120752000,50.0,1,49.95,10,50.0,72,1,2022-06-01 09:03:07
1654074187199542000,50.0,1,49.95,10,50.0,71,1,2022-06-01 09:03:07
1654074187239438000,50.0,2,49.95,10,50.0,69,1,2022-06-01 09:03:07
1654074187310447000,50.0,10,49.95,10,50.0,59,1,2022-06-01 09:03:07
1654074187350257000,50.0,2,49.95,10,50.0,57,1,2022-06-01 09:03:07
1654074187450201000,50.0,3,49.95,10,50.0,54,1,2022-06-01 09:03:07
1654074187756097000,50.0,2,49.95,12,50.0,52,1,2022-06-01 09:03:07
1654074187785930000,50.0,1,49.95,12,50.0,51,1,2022-06-01 09:03:07
1654074187799140000,50.0,1,49.95,12,50.0,50,1,2022-06-01 09:03:07
1654074187868177000,50.0,3,49.95,13,50.0,47,1,2022-06-01 09:03:07
1654074187947379000,50.0,1,49.95,13,50.0,46,1,2022-06-01 09:03:07
1654074188056594000,50.0,5,49.95,13,50.0,37,1,2022-06-01 09:03:08
1654074188088096000,50.0,16,49.95,13,50.0,21,1,2022-06-01 09:03:08
1654074188095396000,49.95,1,49.95,12,50.0,21,2,2022-06-01 09:03:08
1654074188101787000,50.0,10,49.95,12,50.0,11,1,2022-06-01 09:03:08
1654074188122753000,49.95,1,49.95,11,50.0,11,2,2022-06-01 09:03:08
1654074188126381000,50.0,10,49.95,11,50.0,1,1,2022-06-01 09:03:08
1654074188151908000,49.95,1,49.95,10,50.0,1,2,2022-06-01 09:03:08
1654074188194870000,50.0,1,49.95,10,50.1,88,1,2022-06-01 09:03:08
1654074188194870000,50.1,1,49.95,10,50.1,88,1,2022-06-01 09:03:08
1654074188761624000,50.0,1,50.0,21,50.1,195,2,2022-06-01 09:03:08
1654074188847507000,50.1,1,50.0,23,50.1,194,1,2022-06-01 09:03:08
1654074189079905000,50.0,2,50.0,21,50.1,194,2,2022-06-01 09:03:09
1654074189177875000,50.1,1,50.0,26,50.1,193,1,2022-06-01 09:03:09
1654074189388667000,50.0,20,50.0,8,50.1,193,2,2022-06-01 09:03:09
1654074189672785000,50.1,20,50.0,13,50.1,173,1,2022-06-01 09:03:09
1654074189740588000,50.1,5,50.0,23,50.1,166,1,2022-06-01 09:03:09
1654074189794411000,50.0,1,50.0,23,50.1,164,2,2022-06-01 09:03:09
1654074189954332000,50.0,1,50.0,27,50.1,164,2,2022-06-01 09:03:09
1654074190224440000,50.0,2,50.0,35,50.1,164,2,2022-06-01 09:03:10
1654074190675207000,50.0,2,50.0,78,50.1,162,2,2022-06-01 09:03:10
1654074190887609000,50.1,1,50.0,81,50.1,163,1,2022-06-01 09:03:10
1654074190956517000,50.1,2,50.0,81,50.1,161,1,2022-06-01 09:03:10
1654074191035801000,50.1,1,50.0,81,50.1,160,1,2022-06-01 09:03:11
1654074191041856000,50.0,2,50.0,79,50.1,160,2,2022-06-01 09:03:11
1654074191082430000,50.0,1,50.0,78,50.1,160,2,2022-06-01 09:03:11
1654074191286924000,50.1,3,50.0,93,50.1,155,1,2022-06-01 09:03:11
1654074191344621000,50.0,20,50.0,74,50.1,157,2,2022-06-01 09:03:11
1654074191344761000,50.0,10,50.0,64,50.1,157,2,2022-06-01 09:03:11
1654074191345006000,50.0,10,50.0,54,50.1,157,2,2022-06-01 09:03:11
1654074191345160000,50.0,10,50.0,44,50.1,157,2,2022-06-01 09:03:11
1654074191356029000,50.1,5,50.0,44,50.1,152,1,2022-06-01 09:03:11
1654074191397800000,50.0,1,50.0,46,50.1,152,2,2022-06-01 09:03:11
1654074191463431000,50.1,1,50.0,47,50.1,151,1,2022-06-01 09:03:11
1654074191685863000,50.1,1,50.0,49,50.1,150,1,2022-06-01 09:03:11
1654074191818862000,50.1,1,50.0,52,50.1,149,1,2022-06-01 09:03:11
1654074192003355000,50.1,1,50.0,53,50.1,148,1,2022-06-01 09:03:12
1654074192285885000,50.1,1,50.0,72,50.1,147,1,2022-06-01 09:03:12
1654074192529679000,50.1,1,50.0,88,50.1,146,1,2022-06-01 09:03:12
1654074192541182000,50.1,1,50.0,88,50.1,145,1,2022-06-01 09:03:12
1654074192558161000,50.1,1,50.0,88,50.1,142,1,2022-06-01 09:03:12
1654074192609886000,50.1,1,50.0,90,50.1,143,1,2022-06-01 09:03:12
1654074192733744000,50.1,3,50.0,93,50.1,240,1,2022-06-01 09:03:12
1654074192811020000,50.1,1,50.0,94,50.1,239,1,2022-06-01 09:03:12
1654074192927064000,50.1,1,50.0,95,50.1,239,1,2022-06-01 09:03:12
1654074193325897000,50.1,5,50.0,108,50.1,235,1,2022-06-01 09:03:13
1654074193384259000,50.1,3,50.0,108,50.1,232,1,2022-06-01 09:03:13
1654074193482273000,50.0,1,50.0,107,50.1,232,2,2022-06-01 09:03:13
1654074193578047000,50.1,1,50.0,108,50.1,231,1,2022-06-01 09:03:13
1654074193689834000,50.0,5,50.0,109,50.1,231,2,2022-06-01 09:03:13
1654074193721070000,50.0,1,50.0,108,50.1,231,2,2022-06-01 09:03:13
1654074193746642000,50.0,1,50.0,108,50.1,231,2,2022-06-01 09:03:13
1654074193971374000,50.1,4,50.0,111,50.1,232,1,2022-06-01 09:03:13
1654074194113327000,50.0,1,50.0,117,50.1,232,2,2022-06-01 09:03:14
1654074194163011000,50.1,1,50.0,117,50.1,231,1,2022-06-01 09:03:14
1654074194180791000,50.1,1,50.0,117,50.1,230,1,2022-06-01 09:03:14
1654074194291396000,50.1,3,50.0,138,50.1,227,1,2022-06-01 09:03:14
1654074194396817000,50.1,1,50.0,150,50.1,224,1,2022-06-01 09:03:14
1654074194448652000,50.1,5,50.0,151,50.1,219,1,2022-06-01 09:03:14
1654074194476852000,50.1,1,50.0,151,50.1,218,1,2022-06-01 09:03:14
1654074194516550000,50.1,1,50.0,151,50.1,217,1,2022-06-01 09:03:14
1654074194614881000,50.1,3,50.0,155,50.1,214,1,2022-06-01 09:03:14
1654074194708376000,50.1,1,50.0,160,50.1,211,1,2022-06-01 09:03:14
1654074194718384000,50.1,1,50.0,160,50.1,210,1,2022-06-01 09:03:14
1654074194808465000,50.0,6,50.0,161,50.1,210,2,2022-06-01 09:03:14
1654074194868160000,50.1,1,50.0,159,50.1,211,1,2022-06-01 09:03:14
1654074194871341000,50.1,1,50.0,159,50.1,210,1,2022-06-01 09:03:14
1654074194899854000,50.1,1,50.0,159,50.1,209,1,2022-06-01 09:03:14
1654074194971849000,50.1,1,50.0,159,50.1,208,1,2022-06-01 09:03:14
1654074195019336000,50.1,5,50.0,161,50.1,203,1,2022-06-01 09:03:15
1654074195059742000,50.1,50,50.0,161,50.1,151,1,2022-06-01 09:03:15
1654074195137156000,50.1,1,50.0,163,50.1,154,1,2022-06-01 09:03:15
1654074195194962000,50.1,1,50.0,168,50.1,153,1,2022-06-01 09:03:15
1654074195213469000,50.1,1,50.0,168,50.1,152,1,2022-06-01 09:03:15
1654074195329145000,50.1,5,50.0,171,50.1,157,1,2022-06-01 09:03:15
1654074195351965000,50.1,1,50.0,171,50.1,156,1,2022-06-01 09:03:15
1654074195482196000,50.1,2,50.0,172,50.1,154,1,2022-06-01 09:03:15
1654074195690112000,50.1,1,50.0,187,50.1,253,1,2022-06-01 09:03:15
1654074195747349000,50.1,10,50.0,189,50.1,243,1,2022-06-01 09:03:15
1654074195764838000,50.1,1,50.0,189,50.1,242,1,2022-06-01 09:03:15
1654074195829262000,50.1,1,50.0,191,50.1,241,1,2022-06-01 09:03:15
1654074195843758000,50.1,1,50.0,191,50.1,240,1,2022-06-01 09:03:15
1654074195958509000,50.1,8,50.0,193,50.1,297,1,2022-06-01 09:03:15
1654074196107018000,50.1,1,50.0,198,50.1,296,1,2022-06-01 09:03:16
1654074196113684000,50.1,1,50.0,198,50.1,295,1,2022-06-01 09:03:16
1654074196115348000,50.1,3,50.0,198,50.1,292,1,2022-06-01 09:03:16
1654074196124631000,50.1,5,50.0,198,50.1,287,1,2022-06-01 09:03:16
1654074196151664000,50.1,2,50.0,199,50.1,285,1,2022-06-01 09:03:16
1654074196182941000,50.1,5,50.0,199,50.1,278,1,2022-06-01 09:03:16
1654074196287291000,50.1,1,50.0,199,50.1,279,1,2022-06-01 09:03:16
1654074196458218000,50.1,10,50.0,199,50.1,269,1,2022-06-01 09:03:16
1654074196615174000,50.1,1,50.0,200,50.1,266,1,2022-06-01 09:03:16
1654074196812560000,50.1,1,50.0,202,50.1,367,1,2022-06-01 09:03:16
1654074196926617000,50.1,1,50.0,208,50.1,368,1,2022-06-01 09:03:16
1654074196932805000,50.1,43,50.0,208,50.1,325,1,2022-06-01 09:03:16
1654074197027929000,50.1,2,50.0,213,50.1,321,1,2022-06-01 09:03:17
1654074197079028000,50.1,3,50.0,216,50.1,318,1,2022-06-01 09:03:17
1654074197144719000,50.1,1,50.0,216,50.1,317,1,2022-06-01 09:03:17
1654074197212320000,50.1,1,50.0,218,50.1,349,1,2022-06-01 09:03:17
1654074197222837000,50.1,5,50.0,218,50.1,344,1,2022-06-01 09:03:17
1654074197226145000,50.1,1,50.0,218,50.1,343,1,2022-06-01 09:03:17
1654074197245031000,50.1,1,50.0,218,50.1,342,1,2022-06-01 09:03:17
1654074197608978000,50.1,1,50.0,243,50.1,347,1,2022-06-01 09:03:17
1654074197633088000,50.0,1,50.0,244,50.1,347,2,2022-06-01 09:03:17
1654074197784920000,50.1,1,50.0,247,50.1,346,1,2022-06-01 09:03:17
1654074197908660000,50.1,5,50.0,247,50.1,341,1,2022-06-01 09:03:17
1654074197926240000,50.1,50,50.0,247,50.1,291,1,2022-06-01 09:03:17
1654074197977952000,50.1,1,50.0,247,50.1,286,1,2022-06-01 09:03:17
1654074198115767000,50.1,1,50.0,247,50.1,287,1,2022-06-01 09:03:18
1654074198131308000,50.0,4,50.0,243,50.1,287,2,2022-06-01 09:03:18
1654074198168540000,50.1,1,50.0,243,50.1,286,1,2022-06-01 09:03:18
1654074198178776000,50.1,7,50.0,243,50.1,279,1,2022-06-01 09:03:18
1654074198223706000,50.1,5,50.0,243,50.1,279,1,2022-06-01 09:03:18
1654074198255573000,50.1,1,50.0,243,50.1,278,1,2022-06-01 09:03:18
1654074198318113000,50.1,3,50.0,244,50.1,275,1,2022-06-01 09:03:18
1654074198323250000,50.1,2,50.0,245,50.1,273,1,2022-06-01 09:03:18
1654074198457732000,50.1,2,50.0,247,50.1,271,1,2022-06-01 09:03:18
1654074198479829000,50.1,1,50.0,247,50.1,270,1,2022-06-01 09:03:18
1654074198485815000,50.1,2,50.0,247,50.1,268,1,2022-06-01 09:03:18
1654074198499913000,50.1,2,50.0,247,50.1,266,1,2022-06-01 09:03:18
1654074198515561000,50.1,5,50.0,247,50.1,261,1,2022-06-01 09:03:18
1654074198614231000,50.1,1,50.0,249,50.1,258,1,2022-06-01 09:03:18
1654074198692744000,50.0,1,50.0,248,50.1,258,2,2022-06-01 09:03:18
1654074198832849000,50.1,5,50.0,248,50.1,253,1,2022-06-01 09:03:18
1654074198904724000,50.1,3,50.0,248,50.1,250,1,2022-06-01 09:03:18
1654074198978115000,50.1,1,50.0,247,50.1,249,1,2022-06-01 09:03:18
1654074199042881000,50.0,1,50.0,291,50.1,249,2,2022-06-01 09:03:19
1654074199061219000,50.1,1,50.0,291,50.1,248,1,2022-06-01 09:03:19
1654074199111749000,50.1,3,50.0,294,50.1,245,1,2022-06-01 09:03:19
1654074199176663000,50.1,1,50.0,295,50.1,244,1,2022-06-01 09:03:19
1654074199180093000,50.1,1,50.0,295,50.1,243,1,2022-06-01 09:03:19
1654074199259649000,50.1,1,50.0,297,50.1,242,1,2022-06-01 09:03:19
1654074199361566000,50.1,10,50.0,307,50.1,232,1,2022-06-01 09:03:19
1654074199433338000,50.1,5,50.0,307,50.1,227,1,2022-06-01 09:03:19
1654074199519537000,50.1,1,50.0,307,50.1,226,1,2022-06-01 09:03:19
1654074199599219000,50.1,1,50.0,307,50.1,226,1,2022-06-01 09:03:19
1654074199672722000,50.1,2,50.0,307,50.1,225,1,2022-06-01 09:03:19
1654074199690910000,50.1,1,50.0,307,50.1,224,1,2022-06-01 09:03:19
1654074199752690000,50.1,1,50.0,306,50.1,224,1,2022-06-01 09:03:19
1654074199764358000,50.1,2,50.0,306,50.1,222,1,2022-06-01 09:03:19
1654074199919522000,50.1,1,50.0,306,50.1,221,1,2022-06-01 09:03:19
1654074199961537000,50.1,1,50.0,306,50.1,220,1,2022-06-01 09:03:19
1654074200208180000,50.1,1,50.0,306,50.1,219,1,2022-06-01 09:03:20
1654074200209326000,50.1,1,50.0,306,50.1,218,1,2022-06-01 09:03:20
1654074200247671000,50.1,1,50.0,306,50.1,317,1,2022-06-01 09:03:20
1654074200287323000,50.1,2,50.0,306,50.1,315,1,2022-06-01 09:03:20
1654074200327949000,50.1,2,50.0,306,50.1,315,1,2022-06-01 09:03:20
1654074200432437000,50.1,1,50.0,306,50.1,314,1,2022-06-01 09:03:20
1654074200437793000,50.1,50,50.0,306,50.1,264,1,2022-06-01 09:03:20
1654074200639687000,50.1,1,50.0,308,50.1,266,1,2022-06-01 09:03:20
1654074200706854000,50.1,1,50.0,308,50.1,265,1,2022-06-01 09:03:20
1654074200737596000,50.1,3,50.0,308,50.1,262,1,2022-06-01 09:03:20
1654074200769152000,50.1,1,50.0,308,50.1,261,1,2022-06-01 09:03:20
1654074200851736000,50.1,3,50.0,308,50.1,258,1,2022-06-01 09:03:20
1654074200993412000,50.1,1,50.0,311,50.1,257,1,2022-06-01 09:03:20
1654074201107008000,50.1,2,50.0,311,50.1,255,1,2022-06-01 09:03:21
1654074201139701000,50.1,1,50.0,311,50.1,254,1,2022-06-01 09:03:21
1654074201161438000,50.1,1,50.0,311,50.1,253,1,2022-06-01 09:03:21
1654074201217971000,50.1,57,50.0,311,50.1,196,1,2022-06-01 09:03:21
1654074201654903000,50.1,2,50.0,311,50.1,210,1,2022-06-01 09:03:21
1654074201746578000,50.1,1,50.0,311,50.1,209,1,2022-06-01 09:03:21
1654074201775578000,50.0,10,50.0,301,50.1,209,2,2022-06-01 09:03:21
1654074201806379000,50.0,9,50.0,295,50.1,209,2,2022-06-01 09:03:21
1654074201824495000,50.1,1,50.0,295,50.1,208,1,2022-06-01 09:03:21
1654074201828071000,50.0,1,50.0,294,50.1,208,2,2022-06-01 09:03:21
1654074201843746000,50.0,1,50.0,293,50.1,208,2,2022-06-01 09:03:21
1654074201974122000,50.1,1,50.0,294,50.1,212,1,2022-06-01 09:03:21
1654074202032691000,50.1,24,50.0,295,50.1,190,1,2022-06-01 09:03:22
1654074202055761000,50.1,1,50.0,295,50.1,189,1,2022-06-01 09:03:22
1654074202103656000,50.1,3,50.0,296,50.1,184,1,2022-06-01 09:03:22
1654074202107953000,50.1,2,50.0,296,50.1,182,1,2022-06-01 09:03:22
1654074202134470000,50.1,2,50.0,296,50.1,182,1,2022-06-01 09:03:22
1654074202146868000,50.1,1,50.0,296,50.1,181,1,2022-06-01 09:03:22
1654074202162798000,50.1,1,50.0,298,50.1,176,1,2022-06-01 09:03:22
1654074202245391000,50.1,1,50.0,298,50.1,180,1,2022-06-01 09:03:22
1654074202253251000,50.1,2,50.0,299,50.1,178,1,2022-06-01 09:03:22
1654074202273952000,50.1,2,50.0,299,50.1,176,1,2022-06-01 09:03:22
1654074202327794000,50.1,3,50.0,299,50.1,173,1,2022-06-01 09:03:22
1654074202390253000,50.1,1,50.0,300,50.1,172,1,2022-06-01 09:03:22
1654074202442506000,50.1,1,50.0,301,50.1,171,1,2022-06-01 09:03:22
1654074202612703000,50.1,1,50.0,304,50.1,170,1,2022-06-01 09:03:22
1654074202671368000,50.1,1,50.0,309,50.1,169,1,2022-06-01 09:03:22
1654074202748622000,50.1,1,50.0,309,50.1,168,1,2022-06-01 09:03:22
1654074202821079000,50.1,1,50.0,309,50.1,167,1,2022-06-01 09:03:22
1654074202824429000,50.1,1,50.0,309,50.1,166,1,2022-06-01 09:03:22
1654074202956116000,50.1,4,50.0,311,50.1,265,1,2022-06-01 09:03:22
1654074202964531000,50.1,1,50.0,311,50.1,264,1,2022-06-01 09:03:22
1654074203000364000,50.1,1,50.0,311,50.1,263,1,2022-06-01 09:03:23
1654074203001880000,50.1,2,50.0,311,50.1,261,1,2022-06-01 09:03:23
1654074203042801000,50.1,1,50.0,311,50.1,260,1,2022-06-01 09:03:23
1654074203043845000,50.1,1,50.0,311,50.1,259,1,2022-06-01 09:03:23
1654074203061039000,50.1,2,50.0,311,50.1,257,1,2022-06-01 09:03:23
1654074203076360000,50.1,55,50.0,311,50.1,235,1,2022-06-01 09:03:23
1654074203136289000,50.1,1,50.0,311,50.1,234,1,2022-06-01 09:03:23
1654074203137965000,50.1,1,50.0,311,50.1,233,1,2022-06-01 09:03:23
1654074203203795000,50.1,5,50.0,311,50.1,228,1,2022-06-01 09:03:23
1654074203229053000,50.1,5,50.0,311,50.1,223,1,2022-06-01 09:03:23
1654074203252483000,50.1,5,50.0,311,50.1,218,1,2022-06-01 09:03:23
1654074203268266000,50.1,10,50.0,311,50.1,208,1,2022-06-01 09:03:23
1654074203335676000,50.1,2,50.0,312,50.1,206,1,2022-06-01 09:03:23
1654074203348414000,50.1,1,50.0,312,50.1,205,1,2022-06-01 09:03:23
1654074203500919000,50.1,10,50.0,312,50.1,233,1,2022-06-01 09:03:23
1654074203501730000,50.1,1,50.0,312,50.1,232,1,2022-06-01 09:03:23
1654074203545387000,50.1,1,50.0,314,50.1,231,1,2022-06-01 09:03:23
1654074203549865000,50.1,2,50.0,314,50.1,229,1,2022-06-01 09:03:23
1654074203757164000,50.0,3,50.0,312,50.1,229,2,2022-06-01 09:03:23
1654074203767767000,50.1,1,50.0,312,50.1,228,1,2022-06-01 09:03:23
1654074203770888000,50.1,1,50.0,312,50.1,227,1,2022-06-01 09:03:23
1654074203830750000,50.1,1,50.0,313,50.1,226,1,2022-06-01 09:03:23
1654074203848324000,50.1,2,50.0,313,50.1,224,1,2022-06-01 09:03:23
1654074203854688000,50.1,1,50.0,313,50.1,223,1,2022-06-01 09:03:23
1654074203855201000,50.0,30,50.0,283,50.1,223,2,2022-06-01 09:03:23
1654074203894148000,50.0,1,50.0,282,50.1,224,2,2022-06-01 09:03:23
1654074203894834000,50.0,1,50.0,281,50.1,224,2,2022-06-01 09:03:23
1654074203895028000,50.0,1,50.0,280,50.1,224,2,2022-06-01 09:03:23
1654074203896561000,50.0,1,50.0,279,50.1,224,2,2022-06-01 09:03:23
1654074203916450000,50.1,1,50.0,279,50.1,231,1,2022-06-01 09:03:23
1654074203918390000,50.1,3,50.0,279,50.1,228,1,2022-06-01 09:03:23
1654074203922012000,50.0,1,50.0,278,50.1,228,2,2022-06-01 09:03:23
1654074203922044000,50.0,1,50.0,277,50.1,228,2,2022-06-01 09:03:23
1654074203926198000,50.1,1,50.0,277,50.1,227,1,2022-06-01 09:03:23
1654074203964498000,50.0,1,50.0,276,50.1,227,2,2022-06-01 09:03:23
1654074203978871000,50.1,1,50.0,276,50.1,226,1,2022-06-01 09:03:23
1654074204074189000,50.1,2,50.0,276,50.1,224,1,2022-06-01 09:03:24
1654074204175160000,50.1,1,50.0,276,50.1,223,1,2022-06-01 09:03:24
1654074204263381000,50.1,5,50.0,277,50.1,219,1,2022-06-01 09:03:24
1654074204459801000,50.1,1,50.0,277,50.1,350,1,2022-06-01 09:03:24
1654074204635037000,50.1,1,50.0,279,50.1,349,1,2022-06-01 09:03:24
1654074204669019000,50.1,1,50.0,279,50.1,348,1,2022-06-01 09:03:24
1654074204932850000,50.1,1,50.0,283,50.1,341,1,2022-06-01 09:03:24
1654074204949734000,50.1,1,50.0,283,50.1,341,1,2022-06-01 09:03:24
1654074204966837000,50.1,5,50.0,283,50.1,336,1,2022-06-01 09:03:24
1654074204991141000,50.0,1,50.0,282,50.1,336,2,2022-06-01 09:03:24
1654074205226422000,50.1,1,50.0,281,50.1,341,1,2022-06-01 09:03:25
1654074205377567000,50.1,1,50.0,290,50.1,340,1,2022-06-01 09:03:25
1654074205485185000,50.1,1,50.0,297,50.1,339,1,2022-06-01 09:03:25
1654074205495833000,50.1,2,50.0,297,50.1,337,1,2022-06-01 09:03:25
1654074205616104000,50.1,1,50.0,308,50.1,336,1,2022-06-01 09:03:25
1654074205650277000,50.0,5,50.0,303,50.1,336,2,2022-06-01 09:03:25
1654074205671395000,50.0,15,50.0,288,50.1,336,2,2022-06-01 09:03:25
1654074205705802000,50.0,1,50.0,287,50.1,336,2,2022-06-01 09:03:25
1654074205747296000,50.1,1,50.0,287,50.1,335,1,2022-06-01 09:03:25
1654074205780816000,50.1,1,50.0,288,50.1,334,1,2022-06-01 09:03:25
1654074205832603000,50.0,15,50.0,273,50.1,334,2,2022-06-01 09:03:25
1654074205863816000,50.0,1,50.0,272,50.1,334,2,2022-06-01 09:03:25
1654074205939438000,50.1,1,50.0,272,50.1,333,1,2022-06-01 09:03:25
1654074206090739000,50.1,1,50.0,276,50.1,333,1,2022-06-01 09:03:26
1654074206117347000,50.1,1,50.0,276,50.1,332,1,2022-06-01 09:03:26
1654074206429695000,50.1,1,50.0,278,50.1,332,1,2022-06-01 09:03:26
1654074206460456000,50.0,30,50.0,248,50.1,332,2,2022-06-01 09:03:26
1654074206503930000,50.1,3,50.0,248,50.1,329,1,2022-06-01 09:03:26
1654074206550728000,50.0,4,50.0,245,50.1,329,2,2022-06-01 09:03:26
1654074206558267000,50.0,3,50.0,242,50.1,329,2,2022-06-01 09:03:26
1654074206630104000,50.1,10,50.0,242,50.1,319,1,2022-06-01 09:03:26
1654074206710932000,50.1,1,50.0,242,50.1,318,1,2022-06-01 09:03:26
1654074206733736000,50.0,4,50.0,238,50.1,320,2,2022-06-01 09:03:26
1654074206832708000,50.1,5,50.0,238,50.1,315,1,2022-06-01 09:03:26
1654074206881853000,50.1,1,50.0,238,50.1,315,1,2022-06-01 09:03:26
1654074207089451000,50.1,1,50.0,244,50.1,314,1,2022-06-01 09:03:27
1654074207117542000,50.1,1,50.0,241,50.1,313,1,2022-06-01 09:03:27
1654074207122225000,50.1,10,50.0,241,50.1,303,1,2022-06-01 09:03:27
1654074207226799000,50.0,1,50.0,241,50.1,303,2,2022-06-01 09:03:27
1654074207228746000,50.1,1,50.0,241,50.1,302,1,2022-06-01 09:03:27
1654074207312803000,50.1,2,50.0,243,50.1,300,1,2022-06-01 09:03:27
1654074207381760000,50.0,5,50.0,242,50.1,300,2,2022-06-01 09:03:27
1654074207429406000,50.1,1,50.0,242,50.1,299,1,2022-06-01 09:03:27
1654074207478940000,50.0,2,50.0,240,50.1,299,2,2022-06-01 09:03:27
1654074207502421000,50.0,1,50.0,241,50.1,299,2,2022-06-01 09:03:27
1654074207590684000,50.1,1,50.0,241,50.1,298,1,2022-06-01 09:03:27
1654074207617103000,50.1,1,50.0,241,50.1,297,1,2022-06-01 09:03:27
1654074207828319000,50.0,10,50.0,231,50.1,298,2,2022-06-01 09:03:27
1654074207858889000,50.0,1,50.0,230,50.1,298,2,2022-06-01 09:03:27
1654074207866790000,50.0,1,50.0,229,50.1,298,2,2022-06-01 09:03:27
1654074207913767000,50.1,1,50.0,229,50.1,297,1,2022-06-01 09:03:27
1654074207996384000,50.1,1,50.0,229,50.1,296,1,2022-06-01 09:03:27
1654074208085660000,50.1,3,50.0,234,50.1,293,1,2022-06-01 09:03:28
1654074208147400000,50.1,1,50.0,234,50.1,292,1,2022-06-01 09:03:28
1654074208161777000,50.0,20,50.0,214,50.1,292,2,2022-06-01 09:03:28
1654074208229538000,50.0,1,50.0,217,50.1,292,2,2022-06-01 09:03:28
1654074208236715000,50.1,1,50.0,217,50.1,291,1,2022-06-01 09:03:28
1654074208314450000,50.1,1,50.0,217,50.1,290,1,2022-06-01 09:03:28
1654074208537535000,50.0,1,50.0,236,50.1,290,2,2022-06-01 09:03:28
1654074208588292000,50.1,5,50.0,238,50.1,285,1,2022-06-01 09:03:28
1654074208621206000,50.1,1,50.0,239,50.1,284,1,2022-06-01 09:03:28
1654074208704044000,50.1,4,50.0,240,50.1,280,1,2022-06-01 09:03:28
1654074208710882000,50.0,10,50.0,230,50.1,279,2,2022-06-01 09:03:28
1654074208745490000,50.0,1,50.0,229,50.1,279,2,2022-06-01 09:03:28
1654074208772099000,50.1,2,50.0,229,50.1,277,1,2022-06-01 09:03:28
1654074208864996000,50.1,40,50.0,229,50.1,237,1,2022-06-01 09:03:28
1654074208872955000,50.0,20,50.0,209,50.1,237,2,2022-06-01 09:03:28
1654074208873971000,50.0,10,50.0,199,50.1,237,2,2022-06-01 09:03:28
1654074208890385000,50.0,1,50.0,198,50.1,237,2,2022-06-01 09:03:28
1654074208908273000,50.0,1,50.0,197,50.1,237,2,2022-06-01 09:03:28
1654074208909020000,50.0,1,50.0,196,50.1,237,2,2022-06-01 09:03:28
1654074208912518000,50.0,1,50.0,195,50.1,237,2,2022-06-01 09:03:28
1654074209055302000,50.1,1,50.0,205,50.1,241,1,2022-06-01 09:03:29
1654074209172224000,50.1,1,50.0,205,50.1,241,1,2022-06-01 09:03:29
1654074209453478000,50.0,5,50.0,214,50.1,260,2,2022-06-01 09:03:29
1654074209520160000,50.1,3,50.0,214,50.1,257,1,2022-06-01 09:03:29
1654074209593769000,50.1,1,50.0,214,50.1,256,1,2022-06-01 09:03:29
1654074209751332000,50.0,10,50.0,207,50.1,256,2,2022-06-01 09:03:29
1654074209815724000,50.0,1,50.0,206,50.1,256,2,2022-06-01 09:03:29
1654074209961731000,50.0,4,50.0,202,50.1,256,2,2022-06-01 09:03:29
1654074209999163000,50.1,1,50.0,202,50.1,255,1,2022-06-01 09:03:29
1654074210163437000,50.0,4,50.0,200,50.1,263,2,2022-06-01 09:03:30
1654074210293521000,50.1,1,50.0,205,50.1,263,1,2022-06-01 09:03:30
1654074210656895000,50.1,20,50.0,210,50.1,243,1,2022-06-01 09:03:30
1654074210798769000,50.1,1,50.0,210,50.1,242,1,2022-06-01 09:03:30
1654074210899245000,50.0,28,50.0,188,50.1,242,2,2022-06-01 09:03:30
1654074210936247000,50.0,1,50.0,187,50.1,242,2,2022-06-01 09:03:30
1654074211145542000,50.1,1,50.0,187,50.1,241,1,2022-06-01 09:03:31
1654074211152722000,50.0,5,50.0,182,50.1,241,2,2022-06-01 09:03:31
1654074211187506000,50.0,1,50.0,181,50.1,241,2,2022-06-01 09:03:31
1654074211506215000,50.1,1,50.0,181,50.1,240,1,2022-06-01 09:03:31
1654074211694347000,50.0,1,50.0,193,50.1,241,2,2022-06-01 09:03:31
1654074211695251000,50.1,3,50.0,193,50.1,238,1,2022-06-01 09:03:31
1654074211727948000,50.0,1,50.0,192,50.1,238,2,2022-06-01 09:03:31
1654074211737105000,50.0,1,50.0,191,50.1,238,2,2022-06-01 09:03:31
1654074212022230000,50.0,10,50.0,186,50.1,271,2,2022-06-01 09:03:32
1654074212042410000,50.0,20,50.0,166,50.1,271,2,2022-06-01 09:03:32
1654074212064509000,50.0,10,50.0,156,50.1,271,2,2022-06-01 09:03:32
1654074212111515000,50.0,1,50.0,155,50.1,271,2,2022-06-01 09:03:32
1654074212488847000,50.0,1,50.0,157,50.1,305,2,2022-06-01 09:03:32
1654074212491493000,50.0,4,50.0,153,50.1,305,2,2022-06-01 09:03:32
1654074212495909000,50.0,4,50.0,149,50.1,305,2,2022-06-01 09:03:32
1654074212524740000,50.1,1,50.0,150,50.1,304,1,2022-06-01 09:03:32
1654074212527272000,50.0,9,50.0,141,50.1,304,2,2022-06-01 09:03:32
1654074212537410000,50.0,1,50.0,140,50.1,304,2,2022-06-01 09:03:32
1654074212591132000,50.0,10,50.0,130,50.1,304,2,2022-06-01 09:03:32
1654074212618387000,50.0,2,50.0,130,50.1,305,2,2022-06-01 09:03:32
1654074212752039000,50.1,1,50.0,143,50.1,306,1,2022-06-01 09:03:32
1654074212958542000,50.0,1,50.0,155,50.1,306,2,2022-06-01 09:03:32
1654074212960252000,50.0,1,50.0,154,50.1,306,2,2022-06-01 09:03:32
1654074212980829000,50.1,1,50.0,154,50.1,303,1,2022-06-01 09:03:32
1654074213013969000,50.0,2,50.0,152,50.1,303,2,2022-06-01 09:03:33
1654074213032559000,50.0,1,50.0,151,50.1,303,2,2022-06-01 09:03:33
1654074213071420000,50.0,2,50.0,149,50.1,304,2,2022-06-01 09:03:33
1654074213137233000,50.0,149,49.95,60,50.1,304,2,2022-06-01 09:03:33
1654074213137233000,49.95,51,49.95,60,50.1,304,2,2022-06-01 09:03:33
1654074213162311000,50.0,2,50.0,8,50.1,304,2,2022-06-01 09:03:33
1654074213167647000,50.0,1,50.0,7,50.1,302,2,2022-06-01 09:03:33
1654074213167670000,50.0,1,50.0,6,50.1,302,2,2022-06-01 09:03:33
1654074213173384000,50.0,1,50.0,5,50.1,302,2,2022-06-01 09:03:33
1654074213178592000,50.0,1,50.0,4,50.1,302,2,2022-06-01 09:03:33
1654074213300243000,50.0,4,49.95,61,50.0,6,2,2022-06-01 09:03:33
1654074213304579000,50.0,5,49.95,61,50.0,1,1,2022-06-01 09:03:33
1654074213353135000,49.95,26,49.95,35,50.0,253,2,2022-06-01 09:03:33
1654074213374158000,50.0,1,49.95,35,50.0,252,1,2022-06-01 09:03:33
1654074213384872000,49.95,20,49.95,15,50.0,252,2,2022-06-01 09:03:33
1654074213388283000,49.95,1,49.95,14,50.0,252,2,2022-06-01 09:03:33
1654074213389063000,49.95,1,49.95,13,50.0,252,2,2022-06-01 09:03:33
1654074213413814000,50.0,2,49.95,13,50.0,255,1,2022-06-01 09:03:33
1654074213521412000,50.0,5,49.95,13,50.0,250,1,2022-06-01 09:03:33
1654074213532057000,49.95,5,49.95,8,50.0,250,2,2022-06-01 09:03:33
1654074213660209000,50.0,1,49.95,8,50.0,261,1,2022-06-01 09:03:33
1654074213804434000,49.95,3,49.95,5,50.0,300,2,2022-06-01 09:03:33
1654074213832214000,49.95,5,49.9,58,50.0,300,2,2022-06-01 09:03:33
1654074213883596000,50.0,1,49.9,58,50.0,309,1,2022-06-01 09:03:33
1654074214040014000,50.0,1,49.95,1,50.0,310,1,2022-06-01 09:03:34
1654074214171078000,50.0,1,49.95,1,50.0,310,1,2022-06-01 09:03:34
1654074214184839000,49.95,1,49.9,55,49.95,9,2,2022-06-01 09:03:34
1654074214357444000,49.95,10,49.9,55,49.95,11,1,2022-06-01 09:03:34
1654074214456157000,49.95,1,49.9,55,49.95,43,1,2022-06-01 09:03:34
1654074214479789000,49.9,1,49.9,54,49.95,43,2,2022-06-01 09:03:34
1654074214597552000,49.95,1,49.9,54,49.95,42,1,2022-06-01 09:03:34
1654074214707004000,49.9,10,49.9,44,49.95,42,2,2022-06-01 09:03:34
1654074214734299000,49.9,1,49.9,43,49.95,42,2,2022-06-01 09:03:34
1654074214945569000,49.9,2,49.9,41,49.95,42,2,2022-06-01 09:03:34
1654074214969938000,49.9,1,49.9,40,49.95,42,2,2022-06-01 09:03:34
1654074215068378000,49.95,1,49.9,40,49.95,41,1,2022-06-01 09:03:35
1654074215137440000,49.9,1,49.9,39,49.95,41,2,2022-06-01 09:03:35
1654074215468341000,49.95,1,49.9,40,49.95,42,1,2022-06-01 09:03:35
1654074215846389000,49.95,5,49.9,40,49.95,38,1,2022-06-01 09:03:35
1654074216148656000,49.95,1,49.9,40,49.95,37,1,2022-06-01 09:03:36
1654074216685452000,49.95,1,49.9,40,49.95,36,1,2022-06-01 09:03:36
1654074216914232000,49.95,1,49.9,40,49.95,33,1,2022-06-01 09:03:36
1654074217165452000,49.95,2,49.9,41,49.95,31,1,2022-06-01 09:03:37
1654074217224690000,49.95,1,49.9,41,49.95,30,1,2022-06-01 09:03:37
1654074217301013000,49.95,1,49.9,41,49.95,29,1,2022-06-01 09:03:37
1654074217425872000,49.95,1,49.9,41,49.95,28,1,2022-06-01 09:03:37
1654074217521640000,49.95,1,49.9,41,49.95,29,1,2022-06-01 09:03:37
1654074218044749000,49.95,2,49.9,41,49.95,77,1,2022-06-01 09:03:38
1654074218053908000,49.95,1,49.9,41,49.95,76,1,2022-06-01 09:03:38
1654074218060735000,49.9,4,49.9,37,49.95,76,2,2022-06-01 09:03:38
1654074218073393000,49.9,1,49.9,36,49.95,76,2,2022-06-01 09:03:38
1654074218152464000,49.95,2,49.9,36,49.95,74,1,2022-06-01 09:03:38
1654074218189545000,49.95,2,49.9,36,49.95,72,1,2022-06-01 09:03:38
1654074218342871000,49.95,2,49.9,36,49.95,70,1,2022-06-01 09:03:38
1654074218804763000,49.95,1,49.9,39,49.95,69,1,2022-06-01 09:03:38
1654074219099294000,49.95,1,49.9,39,49.95,68,1,2022-06-01 09:03:39
1654074219293800000,49.9,2,49.9,37,49.95,68,2,2022-06-01 09:03:39
1654074219391815000,49.9,5,49.9,32,49.95,69,2,2022-06-01 09:03:39
1654074219443990000,49.95,1,49.9,32,49.95,68,1,2022-06-01 09:03:39
1654074219489335000,49.9,1,49.9,31,49.95,68,2,2022-06-01 09:03:39
1654074219587219000,49.95,2,49.9,31,49.95,67,1,2022-06-01 09:03:39
1654074219631212000,49.95,1,49.9,31,49.95,67,1,2022-06-01 09:03:39
1654074219754198000,49.95,1,49.9,31,49.95,66,1,2022-06-01 09:03:39
1654074219970590000,49.95,1,49.9,31,49.95,66,1,2022-06-01 09:03:39
1654074220095626000,49.95,3,49.9,36,49.95,63,1,2022-06-01 09:03:40
1654074220166624000,49.9,1,49.9,35,49.95,63,2,2022-06-01 09:03:40
1654074220552807000,49.9,1,49.9,36,49.95,64,2,2022-06-01 09:03:40
1654074220560154000,49.9,10,49.9,26,49.95,64,2,2022-06-01 09:03:40
1654074220594057000,49.95,1,49.9,26,49.95,63,1,2022-06-01 09:03:40
1654074220598485000,49.9,1,49.9,25,49.95,63,2,2022-06-01 09:03:40
1654074220665103000,49.9,1,49.9,24,49.95,63,2,2022-06-01 09:03:40
1654074220696721000,49.9,1,49.9,23,49.95,63,2,2022-06-01 09:03:40
1654074221140139000,49.95,3,49.9,23,49.95,74,1,2022-06-01 09:03:41
1654074221200523000,49.9,1,49.9,22,49.95,74,2,2022-06-01 09:03:41
1654074222115441000,49.9,1,49.9,21,49.95,78,2,2022-06-01 09:03:42
1654074222378248000,49.95,1,49.9,31,49.95,79,1,2022-06-01 09:03:42
1654074222438278000,49.95,5,49.9,32,49.95,74,1,2022-06-01 09:03:42
1654074222611653000,49.95,1,49.9,33,49.95,73,1,2022-06-01 09:03:42
1654074222739329000,49.9,10,49.9,23,49.95,74,2,2022-06-01 09:03:42
1654074222750375000,49.95,1,49.9,23,49.95,73,1,2022-06-01 09:03:42
1654074222987552000,49.95,1,49.9,23,49.95,72,1,2022-06-01 09:03:42
1654074223464633000,49.9,23,49.85,37,49.95,72,2,2022-06-01 09:03:43
1654074223534189000,49.9,1,49.85,58,49.9,1,1,2022-06-01 09:03:43
1654074223541134000,49.85,16,49.85,42,49.9,1,2,2022-06-01 09:03:43
1654074223541190000,49.85,10,49.85,32,49.9,1,2,2022-06-01 09:03:43
1654074223694714000,49.9,3,49.9,2,49.95,72,1,2022-06-01 09:03:43
1654074223811885000,49.9,1,49.9,1,49.95,75,2,2022-06-01 09:03:43
1654074223876285000,49.9,1,49.85,10,49.95,75,2,2022-06-01 09:03:43
1654074223876285000,49.85,1,49.85,10,49.95,75,2,2022-06-01 09:03:43
1654074223885157000,49.95,75,49.95,25,50.0,365,1,2022-06-01 09:03:43
1654074224234493000,49.95,1,49.95,24,50.0,364,2,2022-06-01 09:03:44
1654074224324847000,49.95,3,49.95,21,50.0,364,2,2022-06-01 09:03:44
1654074224760581000,49.95,21,49.9,2,50.0,361,2,2022-06-01 09:03:44
1654074225147584000,49.95,1,49.9,7,49.95,29,2,2022-06-01 09:03:45
1654074225291551000,49.95,1,49.9,7,49.95,32,1,2022-06-01 09:03:45
1654074225386375000,49.9,4,49.9,3,49.95,32,2,2022-06-01 09:03:45
1654074225801210000,49.9,5,49.85,13,49.95,34,2,2022-06-01 09:03:45
1654074225841015000,49.9,1,49.85,13,49.9,1,1,2022-06-01 09:03:45
1654074226774315000,49.85,1,49.85,18,49.9,2,2,2022-06-01 09:03:46
1654074226797976000,49.85,18,49.8,319,49.9,2,2,2022-06-01 09:03:46
1654074226859539000,49.85,1,49.85,249,49.9,3,1,2022-06-01 09:03:46
1654074226864232000,49.9,1,49.85,249,49.9,2,1,2022-06-01 09:03:46
1654074226898302000,49.85,1,49.85,248,49.9,7,2,2022-06-01 09:03:46
1654074227031926000,49.9,5,49.85,248,49.9,2,1,2022-06-01 09:03:47
1654074227744639000,49.9,1,49.85,250,49.9,14,1,2022-06-01 09:03:47
1654074227802188000,49.85,24,49.85,226,49.9,14,2,2022-06-01 09:03:47
1654074227949641000,49.9,1,49.85,226,49.9,13,1,2022-06-01 09:03:47
1654074228410958000,49.9,2,49.85,7,49.9,12,1,2022-06-01 09:03:48
1654074228603776000,49.9,1,49.85,7,49.9,19,1,2022-06-01 09:03:48
1654074228806329000,49.9,1,49.85,7,49.9,18,1,2022-06-01 09:03:48
1654074228907792000,49.9,1,49.85,7,49.9,17,1,2022-06-01 09:03:48
1654074228999625000,49.9,1,49.85,7,49.9,16,1,2022-06-01 09:03:48
1654074229014223000,49.85,1,49.85,6,49.9,16,2,2022-06-01 09:03:49
1654074229046767000,49.9,1,49.85,6,49.9,15,1,2022-06-01 09:03:49
1654074229094628000,49.9,1,49.85,7,49.9,14,1,2022-06-01 09:03:49
1654074229412877000,49.9,1,49.85,8,49.9,13,1,2022-06-01 09:03:49
1654074229582668000,49.9,1,49.85,8,49.9,12,1,2022-06-01 09:03:49
1654074229801963000,49.9,5,49.85,8,49.9,7,1,2022-06-01 09:03:49
1654074229854546000,49.9,7,49.9,3,49.95,46,1,2022-06-01 09:03:49
1654074230157219000,49.9,2,49.9,3,49.95,47,2,2022-06-01 09:03:50
1654074230302443000,49.9,1,49.9,3,49.95,72,2,2022-06-01 09:03:50
1654074230497672000,49.9,3,49.8,55,49.95,72,2,2022-06-01 09:03:50
1654074230497672000,49.85,8,49.8,55,49.95,72,2,2022-06-01 09:03:50
1654074230497672000,49.8,9,49.8,55,49.95,72,2,2022-06-01 09:03:50
1654074230590246000,49.9,1,49.8,59,49.95,72,1,2022-06-01 09:03:50
1654074231364845000,49.95,1,49.9,6,49.95,79,1,2022-06-01 09:03:51
1654074231386386000,49.9,1,49.9,5,49.95,79,2,2022-06-01 09:03:51
1654074231718171000,49.9,5,49.9,1,49.95,80,2,2022-06-01 09:03:51
1654074231755975000,49.9,1,49.85,1,49.9,1,2,2022-06-01 09:03:51
1654074231874453000,49.85,1,49.8,58,49.85,7,2,2022-06-01 09:03:51
1654074231882419000,49.85,1,49.8,58,49.85,7,1,2022-06-01 09:03:51
1654074231891515000,49.85,1,49.8,58,49.85,6,1,2022-06-01 09:03:51
1654074231916208000,49.85,1,49.8,50,49.85,5,1,2022-06-01 09:03:51
1654074231930845000,49.85,1,49.8,50,49.85,5,1,2022-06-01 09:03:51
1654074232056342000,49.85,5,49.8,50,49.9,4,1,2022-06-01 09:03:52
1654074232409195000,49.9,1,49.85,1,49.9,3,1,2022-06-01 09:03:52
1654074232536411000,49.9,1,49.85,1,49.9,2,1,2022-06-01 09:03:52
1654074232812758000,49.9,1,49.85,1,49.9,4,1,2022-06-01 09:03:52
1654074232814879000,49.9,1,49.85,1,49.9,3,1,2022-06-01 09:03:52
1654074232932507000,49.9,1,49.85,1,49.9,3,1,2022-06-01 09:03:52
1654074232976025000,49.9,3,49.9,11,49.95,81,1,2022-06-01 09:03:52
1654074233082732000,49.9,1,49.9,12,49.95,81,2,2022-06-01 09:03:53
1654074233294312000,49.9,1,49.9,11,49.95,81,2,2022-06-01 09:03:53
1654074233554784000,49.95,1,49.9,11,49.95,82,1,2022-06-01 09:03:53
1654074233948695000,49.95,10,49.9,11,49.95,72,1,2022-06-01 09:03:53
1654074234025275000,49.9,1,49.9,10,49.95,72,2,2022-06-01 09:03:54
1654074235185568000,49.9,7,49.9,5,49.95,76,2,2022-06-01 09:03:55
1654074235223959000,49.9,5,49.85,8,49.9,2,2,2022-06-01 09:03:55
1654074235241576000,49.85,2,49.85,6,49.9,2,2,2022-06-01 09:03:55
1654074235540335000,49.9,1,49.85,7,49.9,6,1,2022-06-01 09:03:55
1654074235640113000,49.9,2,49.85,8,49.9,14,1,2022-06-01 09:03:55
1654074235769753000,49.9,1,49.85,8,49.9,13,1,2022-06-01 09:03:55
1654074236258988000,49.9,1,49.85,8,49.9,13,1,2022-06-01 09:03:56
1654074236651749000,49.9,1,49.85,8,49.9,17,1,2022-06-01 09:03:56
1654074236705444000,49.9,1,49.85,8,49.9,16,1,2022-06-01 09:03:56
1654074236910635000,49.9,1,49.85,8,49.9,16,1,2022-06-01 09:03:56
1654074237044341000,49.85,1,49.85,7,49.9,16,2,2022-06-01 09:03:57
1654074237429612000,49.9,1,49.85,14,49.9,26,1,2022-06-01 09:03:57
1654074237513296000,49.9,1,49.85,15,49.9,25,1,2022-06-01 09:03:57
1654074237624177000,49.9,2,49.85,15,49.9,23,1,2022-06-01 09:03:57
1654074237785379000,49.9,1,49.85,17,49.9,22,1,2022-06-01 09:03:57
1654074237900814000,49.9,5,49.85,17,49.9,17,1,2022-06-01 09:03:57
1654074238298946000,49.9,3,49.85,19,49.9,19,1,2022-06-01 09:03:58
1654074238486725000,49.9,1,49.85,24,49.9,18,1,2022-06-01 09:03:58
1654074239162464000,49.9,2,49.85,25,49.9,18,1,2022-06-01 09:03:59
1654074239273249000,49.9,1,49.85,26,49.9,17,1,2022-06-01 09:03:59
1654074239480051000,49.9,2,49.85,26,49.9,15,1,2022-06-01 09:03:59
1654074239788823000,49.9,17,49.9,3,49.95,97,1,2022-06-01 09:03:59
1654074239906920000,49.95,1,49.9,4,49.95,96,1,2022-06-01 09:03:59
1654074240146869000,49.9,4,49.85,26,49.95,96,2,2022-06-01 09:04:00
1654074240146869000,49.85,1,49.85,26,49.95,96,2,2022-06-01 09:04:00
1654074240410358000,49.85,5,49.85,19,49.9,1,2,2022-06-01 09:04:00
1654074240599917000,49.9,1,49.85,21,49.9,1,1,2022-06-01 09:04:00
1654074240841046000,49.9,1,49.85,21,49.9,3,1,2022-06-01 09:04:00
1654074240851231000,49.85,1,49.85,20,49.9,3,2,2022-06-01 09:04:00
1654074240901768000,49.9,3,49.9,27,49.95,98,1,2022-06-01 09:04:00
1654074241083684000,49.9,1,49.9,28,49.95,99,2,2022-06-01 09:04:01
1654074241097502000,49.9,2,49.9,26,49.95,99,2,2022-06-01 09:04:01
1654074241307823000,49.9,4,49.9,23,49.95,99,2,2022-06-01 09:04:01
1654074241448864000,49.9,2,49.9,22,49.95,100,2,2022-06-01 09:04:01
1654074241796910000,49.9,1,49.9,44,49.95,105,2,2022-06-01 09:04:01
1654074241906690000,49.9,1,49.9,43,49.95,105,2,2022-06-01 09:04:01
1654074242500082000,49.9,1,49.9,42,49.95,110,2,2022-06-01 09:04:02
1654074242725443000,49.9,20,49.9,22,49.95,110,2,2022-06-01 09:04:02
1654074242730300000,49.9,1,49.9,21,49.95,110,2,2022-06-01 09:04:02
1654074242730593000,49.9,4,49.9,17,49.95,110,2,2022-06-01 09:04:02
1654074244028756000,49.95,1,49.9,25,49.95,160,1,2022-06-01 09:04:04
1654074244846026000,49.9,4,49.9,37,49.95,160,2,2022-06-01 09:04:04
1654074245355370000,49.9,2,49.9,36,49.95,178,2,2022-06-01 09:04:05
1654074246080858000,49.9,1,49.9,42,49.95,179,2,2022-06-01 09:04:06
1654074246254616000,49.9,4,49.9,39,49.95,179,2,2022-06-01 09:04:06
1654074246393610000,49.95,10,49.9,39,49.95,173,1,2022-06-01 09:04:06
1654074246485925000,49.95,19,49.9,39,49.95,154,1,2022-06-01 09:04:06
1654074246883142000,49.9,1,49.9,41,49.95,152,2,2022-06-01 09:04:06
1654074247631476000,49.95,6,49.9,52,49.95,148,1,2022-06-01 09:04:07
1654074248229763000,49.9,1,49.9,74,49.95,148,2,2022-06-01 09:04:08
1654074248249002000,49.9,2,49.9,72,49.95,148,2,2022-06-01 09:04:08
1654074248529934000,49.9,1,49.9,72,49.95,148,2,2022-06-01 09:04:08
1654074248725592000,49.9,10,49.9,62,49.95,164,2,2022-06-01 09:04:08
1654074248752347000,49.9,1,49.9,62,49.95,164,2,2022-06-01 09:04:08
1654074248926330000,49.9,1,49.9,61,49.95,166,2,2022-06-01 09:04:08
1654074249191817000,49.9,1,49.9,63,49.95,166,2,2022-06-01 09:04:09
1654074249281191000,49.9,10,49.9,53,49.95,166,2,2022-06-01 09:04:09
1654074249320284000,49.9,1,49.9,52,49.95,166,2,2022-06-01 09:04:09
1654074249485576000,49.9,1,49.9,51,49.95,166,2,2022-06-01 09:04:09
1654074250358406000,49.95,1,49.9,65,49.95,166,1,2022-06-01 09:04:10
1654074250427361000,49.95,1,49.9,65,49.95,165,1,2022-06-01 09:04:10
1654074250563336000,49.9,65,49.85,57,49.9,185,2,2022-06-01 09:04:10
1654074250583221000,49.9,3,49.85,57,49.9,182,1,2022-06-01 09:04:10
1654074250592164000,49.85,2,49.85,55,49.9,182,2,2022-06-01 09:04:10
1654074250766326000,49.9,2,49.85,55,49.9,182,1,2022-06-01 09:04:10
1654074251402048000,49.85,12,49.85,43,49.9,182,2,2022-06-01 09:04:11
1654074251443941000,49.85,1,49.85,42,49.9,182,2,2022-06-01 09:04:11
1654074251444379000,49.85,1,49.85,41,49.9,182,2,2022-06-01 09:04:11
1654074251637112000,49.85,2,49.85,39,49.9,182,2,2022-06-01 09:04:11
1654074251730255000,49.85,4,49.85,35,49.9,182,2,2022-06-01 09:04:11
1654074251798317000,49.9,1,49.85,35,49.9,181,1,2022-06-01 09:04:11
1654074251920777000,49.9,1,49.85,35,49.9,180,1,2022-06-01 09:04:11
1654074252024208000,49.9,1,49.85,35,49.9,180,1,2022-06-01 09:04:12
1654074252582895000,49.9,1,49.85,35,49.9,182,1,2022-06-01 09:04:12
1654074252603960000,49.9,6,49.85,36,49.9,176,1,2022-06-01 09:04:12
1654074253130470000,49.9,5,49.85,36,49.9,176,1,2022-06-01 09:04:13
1654074253443075000,49.85,2,49.85,34,49.9,183,2,2022-06-01 09:04:13
1654074253443740000,49.85,2,49.85,32,49.9,183,2,2022-06-01 09:04:13
1654074253453450000,49.85,2,49.85,30,49.9,183,2,2022-06-01 09:04:13
1654074253453861000,49.85,2,49.85,28,49.9,183,2,2022-06-01 09:04:13
1654074253459396000,49.85,2,49.85,26,49.9,183,2,2022-06-01 09:04:13
1654074253657181000,49.9,10,49.85,26,49.9,174,1,2022-06-01 09:04:13
1654074253712535000,49.9,1,49.85,26,49.9,173,1,2022-06-01 09:04:13
1654074253728600000,49.9,1,49.85,26,49.9,172,1,2022-06-01 09:04:13
1654074253734340000,49.9,1,49.85,26,49.9,171,1,2022-06-01 09:04:13
1654074254093161000,49.85,1,49.85,27,49.9,171,2,2022-06-01 09:04:14
1654074254131531000,49.9,1,49.85,27,49.9,170,1,2022-06-01 09:04:14
1654074254224802000,49.85,1,49.85,26,49.9,171,2,2022-06-01 09:04:14
1654074254458430000,49.9,1,49.85,26,49.9,170,1,2022-06-01 09:04:14
1654074254550829000,49.9,1,49.85,26,49.9,171,1,2022-06-01 09:04:14
1654074254813886000,49.85,1,49.85,25,49.9,172,2,2022-06-01 09:04:14
1654074254886759000,49.9,1,49.85,25,49.9,171,1,2022-06-01 09:04:14
1654074254924571000,49.9,5,49.85,25,49.9,166,1,2022-06-01 09:04:14
1654074254925651000,49.85,1,49.85,24,49.9,166,2,2022-06-01 09:04:14
1654074255351338000,49.85,4,49.85,24,49.9,166,2,2022-06-01 09:04:15
1654074255351675000,49.85,2,49.85,22,49.9,166,2,2022-06-01 09:04:15
1654074255355616000,49.85,4,49.85,18,49.9,166,2,2022-06-01 09:04:15
1654074255587006000,49.85,2,49.85,16,49.9,171,2,2022-06-01 09:04:15
1654074255945165000,49.85,1,49.85,16,49.9,173,2,2022-06-01 09:04:15
1654074256808410000,49.85,19,49.8,43,49.85,6,2,2022-06-01 09:04:16
1654074256849376000,49.8,1,49.8,42,49.85,7,2,2022-06-01 09:04:16
1654074256888591000,49.85,1,49.8,42,49.85,6,1,2022-06-01 09:04:16
1654074256929229000,49.8,1,49.8,41,49.85,7,2,2022-06-01 09:04:16
1654074256998510000,49.85,2,49.8,42,49.85,5,1,2022-06-01 09:04:16
1654074257932577000,49.85,1,49.8,43,49.85,30,1,2022-06-01 09:04:17
1654074258108047000,49.85,1,49.8,43,49.85,29,1,2022-06-01 09:04:18
1654074258300597000,49.8,1,49.8,42,49.85,29,2,2022-06-01 09:04:18
1654074258969637000,49.85,1,49.8,41,49.85,39,1,2022-06-01 09:04:18
1654074259376885000,49.8,2,49.8,39,49.85,40,2,2022-06-01 09:04:19
1654074259608547000,49.8,4,49.8,35,49.85,52,2,2022-06-01 09:04:19
1654074259631806000,49.8,20,49.8,15,49.85,52,2,2022-06-01 09:04:19
1654074259661506000,49.8,6,49.8,9,49.85,52,2,2022-06-01 09:04:19
1654074259663328000,49.8,1,49.8,8,49.85,52,2,2022-06-01 09:04:19
1654074259664338000,49.8,1,49.8,7,49.85,52,2,2022-06-01 09:04:19
1654074259665712000,49.8,2,49.8,5,49.85,52,2,2022-06-01 09:04:19
1654074259691272000,49.8,5,49.75,68,49.85,52,2,2022-06-01 09:04:19
1654074259765071000,49.8,1,49.75,68,49.85,55,1,2022-06-01 09:04:19
1654074259998015000,49.85,10,49.8,1,49.85,58,1,2022-06-01 09:04:19
1654074260239956000,49.8,1,49.75,65,49.85,58,2,2022-06-01 09:04:20
1654074260586529000,49.8,1,49.75,65,49.85,58,2,2022-06-01 09:04:20
1654074260676800000,49.75,5,49.75,60,49.85,108,2,2022-06-01 09:04:20
1654074260692549000,49.85,1,49.8,1,49.85,107,1,2022-06-01 09:04:20
1654074260704680000,49.8,1,49.75,57,49.85,107,2,2022-06-01 09:04:20
1654074260704680000,49.75,3,49.75,57,49.85,107,2,2022-06-01 09:04:20
1654074260816799000,49.8,1,49.75,57,49.8,1,1,2022-06-01 09:04:20
1654074261046673000,49.75,20,49.75,47,49.8,3,2,2022-06-01 09:04:21
1654074261082816000,49.75,1,49.75,67,49.8,5,2,2022-06-01 09:04:21
1654074261143522000,49.75,1,49.75,66,49.8,5,2,2022-06-01 09:04:21
1654074261536665000,49.8,1,49.75,66,49.8,5,1,2022-06-01 09:04:21
1654074261631345000,49.75,60,49.75,6,49.8,2,2,2022-06-01 09:04:21
1654074261665371000,49.75,1,49.75,5,49.8,2,2,2022-06-01 09:04:21
1654074262085965000,49.75,1,49.75,4,49.8,3,2,2022-06-01 09:04:22
1654074263042521000,49.8,4,49.75,4,49.85,101,1,2022-06-01 09:04:23
1654074263042521000,49.85,6,49.75,4,49.85,101,1,2022-06-01 09:04:23
1654074263375704000,49.75,4,49.7,125,49.75,1,2,2022-06-01 09:04:23
1654074263549966000,49.75,1,49.7,125,49.85,105,1,2022-06-01 09:04:23
1654074263639044000,49.8,1,49.8,11,49.85,105,2,2022-06-01 09:04:23
1654074263661067000,49.8,1,49.8,10,49.85,105,2,2022-06-01 09:04:23
1654074263766098000,49.8,10,49.75,5,49.8,30,2,2022-06-01 09:04:23
1654074263881655000,49.75,1,49.75,6,49.8,30,2,2022-06-01 09:04:23
1654074263963251000,49.8,1,49.75,6,49.8,29,1,2022-06-01 09:04:23
1654074264073439000,49.8,2,49.75,6,49.8,27,1,2022-06-01 09:04:24
1654074264097284000,49.75,1,49.75,5,49.8,27,2,2022-06-01 09:04:24
1654074264141856000,49.75,1,49.75,4,49.8,27,2,2022-06-01 09:04:24
1654074264345972000,49.8,1,49.75,4,49.8,26,1,2022-06-01 09:04:24
1654074264606669000,49.8,1,49.75,4,49.8,25,1,2022-06-01 09:04:24
1654074264843405000,49.8,1,49.75,5,49.8,24,1,2022-06-01 09:04:24
1654074265143135000,49.75,1,49.75,5,49.8,24,2,2022-06-01 09:04:25
1654074265453595000,49.75,1,49.75,5,49.8,34,2,2022-06-01 09:04:25
1654074265649902000,49.75,1,49.75,4,49.8,34,2,2022-06-01 09:04:25
1654074266198643000,49.8,2,49.75,4,49.8,43,1,2022-06-01 09:04:26
1654074266339215000,49.75,4,49.7,124,49.75,1,2,2022-06-01 09:04:26
1654074266948389000,49.75,6,49.7,124,49.75,18,1,2022-06-01 09:04:26
1654074266971614000,49.7,1,49.7,123,49.75,18,2,2022-06-01 09:04:26
1654074266998113000,49.75,10,49.7,123,49.75,8,1,2022-06-01 09:04:26
1654074267015561000,49.7,1,49.7,122,49.75,8,2,2022-06-01 09:04:27
1654074267035220000,49.75,1,49.7,122,49.75,7,1,2022-06-01 09:04:27
1654074267084754000,49.75,1,49.7,122,49.75,6,1,2022-06-01 09:04:27
1654074267148181000,49.7,2,49.7,120,49.75,6,2,2022-06-01 09:04:27
1654074268249640000,49.75,1,49.7,120,49.75,5,1,2022-06-01 09:04:28
1654074268429093000,49.7,2,49.7,118,49.75,5,2,2022-06-01 09:04:28
1654074268506125000,49.7,1,49.7,117,49.75,5,2,2022-06-01 09:04:28
1654074268560242000,49.7,1,49.7,116,49.75,5,2,2022-06-01 09:04:28
1654074268903366000,49.75,1,49.7,116,49.75,4,1,2022-06-01 09:04:28
1654074269017286000,49.75,1,49.7,115,49.75,3,1,2022-06-01 09:04:29
1654074269062511000,49.7,1,49.7,114,49.75,3,2,2022-06-01 09:04:29
1654074269317430000,49.7,2,49.7,112,49.75,12,2,2022-06-01 09:04:29
1654074269348270000,49.7,1,49.7,111,49.75,12,2,2022-06-01 09:04:29
1654074269728512000,49.7,1,49.7,111,49.75,17,2,2022-06-01 09:04:29
1654074269753628000,49.75,1,49.7,111,49.75,16,1,2022-06-01 09:04:29
1654074270207987000,49.75,1,49.7,112,49.75,19,1,2022-06-01 09:04:30
1654074270417333000,49.7,1,49.7,111,49.75,20,2,2022-06-01 09:04:30
1654074270702747000,49.75,2,49.7,110,49.75,18,1,2022-06-01 09:04:30
1654074270894139000,49.75,2,49.7,110,49.75,17,1,2022-06-01 09:04:30
1654074271198985000,49.7,5,49.7,105,49.75,17,2,2022-06-01 09:04:31
1654074271233564000,49.7,1,49.7,104,49.75,17,2,2022-06-01 09:04:31
1654074271235534000,49.7,1,49.7,103,49.75,17,2,2022-06-01 09:04:31
1654074271358768000,49.7,2,49.7,101,49.75,27,2,2022-06-01 09:04:31
1654074271615239000,49.7,1,49.7,100,49.75,27,2,2022-06-01 09:04:31
1654074271676384000,49.7,1,49.7,99,49.75,27,2,2022-06-01 09:04:31
1654074271929893000,49.7,1,49.7,98,49.75,27,2,2022-06-01 09:04:31
1654074272005364000,49.75,2,49.7,98,49.75,25,1,2022-06-01 09:04:32
1654074272290061000,49.75,1,49.7,99,49.75,26,1,2022-06-01 09:04:32
1654074272295056000,49.7,1,49.7,98,49.75,26,2,2022-06-01 09:04:32
1654074272411546000,49.75,2,49.7,98,49.75,24,1,2022-06-01 09:04:32
1654074272616719000,49.7,2,49.7,96,49.75,24,2,2022-06-01 09:04:32
1654074273106849000,49.7,1,49.7,95,49.75,26,2,2022-06-01 09:04:33
1654074273187033000,49.7,1,49.7,94,49.75,26,2,2022-06-01 09:04:33
1654074273333949000,49.75,1,49.7,94,49.75,26,1,2022-06-01 09:04:33
1654074273575804000,49.75,1,49.7,94,49.75,25,1,2022-06-01 09:04:33
1654074273689522000,49.7,10,49.7,84,49.75,35,2,2022-06-01 09:04:33
1654074273747103000,49.75,2,49.7,84,49.75,33,1,2022-06-01 09:04:33
1654074273868793000,49.7,2,49.7,83,49.75,33,2,2022-06-01 09:04:33
1654074274088786000,49.7,1,49.7,82,49.75,33,2,2022-06-01 09:04:34
1654074274304067000,49.7,10,49.7,72,49.75,33,2,2022-06-01 09:04:34
1654074274478391000,49.7,1,49.7,72,49.75,34,2,2022-06-01 09:04:34
1654074274532691000,49.7,1,49.7,71,49.75,34,2,2022-06-01 09:04:34
1654074274598261000,49.75,2,49.7,71,49.75,32,1,2022-06-01 09:04:34
1654074274603305000,49.7,1,49.7,70,49.75,32,2,2022-06-01 09:04:34
1654074274636234000,49.7,1,49.7,69,49.75,32,2,2022-06-01 09:04:34
1654074274677417000,49.75,1,49.7,69,49.75,31,1,2022-06-01 09:04:34
1654074274806632000,49.7,1,49.7,68,49.75,31,2,2022-06-01 09:04:34
1654074275014681000,49.7,1,49.7,67,49.75,31,2,2022-06-01 09:04:35
1654074275434622000,49.7,15,49.7,57,49.75,31,2,2022-06-01 09:04:35
1654074275484515000,49.7,2,49.7,55,49.75,31,2,2022-06-01 09:04:35
1654074275761586000,49.7,1,49.7,54,49.75,31,2,2022-06-01 09:04:35
1654074275973742000,49.7,1,49.7,53,49.75,33,2,2022-06-01 09:04:35
1654074276037130000,49.7,4,49.7,50,49.75,34,2,2022-06-01 09:04:36
1654074276130238000,49.7,1,49.7,49,49.75,34,2,2022-06-01 09:04:36
1654074276138423000,49.7,1,49.7,48,49.75,34,2,2022-06-01 09:04:36
1654074276258382000,49.7,2,49.7,45,49.75,34,2,2022-06-01 09:04:36
1654074276402199000,49.7,2,49.7,43,49.75,34,2,2022-06-01 09:04:36
1654074276518373000,49.7,5,49.7,38,49.75,34,2,2022-06-01 09:04:36
1654074276550868000,49.7,2,49.7,36,49.75,34,2,2022-06-01 09:04:36
1654074276717954000,49.7,1,49.7,35,49.75,34,2,2022-06-01 09:04:36
1654074276764710000,49.75,2,49.7,35,49.75,32,1,2022-06-01 09:04:36
1654074276964067000,49.7,3,49.7,32,49.75,32,2,2022-06-01 09:04:36
1654074276984183000,49.7,5,49.7,27,49.75,32,2,2022-06-01 09:04:36
1654074277012262000,49.7,2,49.7,25,49.75,32,2,2022-06-01 09:04:37
1654074277029583000,49.7,1,49.7,24,49.75,32,2,2022-06-01 09:04:37
1654074277181399000,49.7,1,49.7,24,49.75,32,2,2022-06-01 09:04:37
1654074277255108000,49.7,2,49.7,22,49.75,33,2,2022-06-01 09:04:37
1654074277386047000,49.7,1,49.7,21,49.75,33,2,2022-06-01 09:04:37
1654074277476728000,49.7,2,49.7,20,49.75,33,2,2022-06-01 09:04:37
1654074277503810000,49.7,10,49.7,10,49.75,33,2,2022-06-01 09:04:37
1654074277537034000,49.7,1,49.7,9,49.75,33,2,2022-06-01 09:04:37
1654074277627872000,49.7,2,49.7,8,49.75,33,2,2022-06-01 09:04:37
1654074277732931000,49.7,5,49.7,4,49.75,33,2,2022-06-01 09:04:37
1654074277821725000,49.7,2,49.7,2,49.75,33,2,2022-06-01 09:04:37
1654074277899529000,49.7,1,49.7,1,49.75,33,2,2022-06-01 09:04:37
1654074278063934000,49.7,1,49.7,2,49.75,35,2,2022-06-01 09:04:38
1654074278079200000,49.7,1,49.7,1,49.75,35,2,2022-06-01 09:04:38
1654074278133890000,49.75,1,49.7,1,49.75,34,1,2022-06-01 09:04:38
1654074278449509000,49.7,5,49.7,10,49.75,36,2,2022-06-01 09:04:38
1654074278767454000,49.7,15,49.65,82,49.75,36,2,2022-06-01 09:04:38
1654074279247373000,49.75,1,49.7,7,49.75,35,1,2022-06-01 09:04:39
1654074279364360000,49.75,2,49.7,8,49.75,33,1,2022-06-01 09:04:39
1654074279485643000,49.7,1,49.7,7,49.75,32,2,2022-06-01 09:04:39
1654074279506196000,49.75,5,49.7,7,49.75,27,1,2022-06-01 09:04:39
1654074279557267000,49.7,1,49.7,6,49.75,27,2,2022-06-01 09:04:39
1654074279678082000,49.7,1,49.7,8,49.75,27,2,2022-06-01 09:04:39
1654074279760345000,49.7,3,49.7,7,49.75,27,2,2022-06-01 09:04:39
1654074279775207000,49.7,7,49.65,85,49.75,27,2,2022-06-01 09:04:39
1654074279795793000,49.65,5,49.65,80,49.7,1,2,2022-06-01 09:04:39
1654074279980504000,49.7,1,49.65,80,49.75,27,1,2022-06-01 09:04:39
1654074280208840000,49.75,1,49.7,6,49.75,26,1,2022-06-01 09:04:40
1654074280259643000,49.7,1,49.7,5,49.75,26,2,2022-06-01 09:04:40
1654074280441815000,49.7,1,49.7,4,49.75,26,2,2022-06-01 09:04:40
1654074280452299000,49.7,1,49.7,3,49.75,26,2,2022-06-01 09:04:40
1654074280681862000,49.7,1,49.7,4,49.75,27,2,2022-06-01 09:04:40
1654074280740436000,49.7,1,49.7,3,49.75,27,2,2022-06-01 09:04:40
1654074280756347000,49.7,3,49.65,80,49.7,7,2,2022-06-01 09:04:40
1654074280809734000,49.65,2,49.65,75,49.7,7,2,2022-06-01 09:04:40
1654074280823648000,49.65,1,49.65,74,49.7,8,2,2022-06-01 09:04:40
1654074281011189000,49.7,1,49.65,75,49.7,11,1,2022-06-01 09:04:41
1654074281032134000,49.7,1,49.65,75,49.7,10,1,2022-06-01 09:04:41
1654074281216263000,49.7,10,49.65,75,49.7,10,1,2022-06-01 09:04:41
1654074281855301000,49.65,18,49.65,57,49.7,10,2,2022-06-01 09:04:41
1654074281896458000,49.65,1,49.65,56,49.7,10,2,2022-06-01 09:04:41
1654074282182952000,49.7,3,49.65,56,49.7,8,1,2022-06-01 09:04:42
1654074282946463000,49.7,1,49.65,56,49.7,13,1,2022-06-01 09:04:42
1654074283374272000,49.65,27,49.65,29,49.7,18,2,2022-06-01 09:04:43
1654074283402383000,49.65,1,49.65,28,49.7,18,2,2022-06-01 09:04:43
1654074283402511000,49.65,1,49.65,27,49.7,18,2,2022-06-01 09:04:43
1654074283531204000,49.7,1,49.65,28,49.7,17,1,2022-06-01 09:04:43
1654074284389127000,49.7,2,49.65,29,49.7,54,1,2022-06-01 09:04:44
1654074284480980000,49.65,9,49.65,20,49.7,54,2,2022-06-01 09:04:44
1654074284544850000,49.7,36,49.65,20,49.7,19,1,2022-06-01 09:04:44
1654074284594328000,49.7,3,49.65,20,49.7,16,1,2022-06-01 09:04:44
1654074284820058000,49.7,1,49.65,20,49.7,21,1,2022-06-01 09:04:44
1654074284897576000,49.7,1,49.65,20,49.7,22,1,2022-06-01 09:04:44
1654074285238907000,49.65,1,49.65,19,49.7,26,2,2022-06-01 09:04:45
1654074285494017000,49.7,5,49.65,19,49.7,21,1,2022-06-01 09:04:45
1654074285893852000,49.7,4,49.65,19,49.7,18,1,2022-06-01 09:04:45
1654074285897261000,49.65,1,49.65,18,49.7,18,2,2022-06-01 09:04:45
1654074285903883000,49.7,5,49.65,18,49.7,13,1,2022-06-01 09:04:45
1654074286214790000,49.65,10,49.65,8,49.7,18,2,2022-06-01 09:04:46
1654074286407603000,49.65,1,49.65,7,49.7,18,2,2022-06-01 09:04:46
1654074286938468000,49.65,1,49.65,7,49.7,19,2,2022-06-01 09:04:46
1654074286966798000,49.65,1,49.65,6,49.7,19,2,2022-06-01 09:04:46
1654074287244018000,49.7,3,49.65,6,49.7,16,1,2022-06-01 09:04:47
1654074287533701000,49.65,1,49.65,10,49.7,17,2,2022-06-01 09:04:47
1654074287794434000,49.65,10,49.6,76,49.7,17,2,2022-06-01 09:04:47
1654074287794434000,49.6,20,49.6,76,49.7,17,2,2022-06-01 09:04:47
1654074287916295000,49.65,2,49.6,72,49.7,17,1,2022-06-01 09:04:47
1654074288202144000,49.6,1,49.6,71,49.7,17,2,2022-06-01 09:04:48
1654074288453351000,49.6,1,49.6,70,49.7,18,2,2022-06-01 09:04:48
1654074288500733000,49.65,1,49.6,70,49.65,1,1,2022-06-01 09:04:48
1654074288579469000,49.65,1,49.65,4,49.7,19,1,2022-06-01 09:04:48
1654074288819016000,49.65,3,49.65,1,49.7,19,2,2022-06-01 09:04:48
1654074289097440000,49.7,2,49.65,2,49.7,20,1,2022-06-01 09:04:49
1654074289156982000,49.65,1,49.65,1,49.7,20,2,2022-06-01 09:04:49
1654074289157633000,49.65,1,49.6,70,49.65,1,2,2022-06-01 09:04:49
1654074289221133000,49.6,2,49.6,68,49.65,1,2,2022-06-01 09:04:49
1654074289225718000,49.65,1,49.6,68,49.7,20,1,2022-06-01 09:04:49
1654074289405451000,49.6,4,49.6,64,49.7,42,2,2022-06-01 09:04:49
1654074289585315000,49.6,1,49.6,63,49.65,1,2,2022-06-01 09:04:49
1654074289992938000,49.65,1,49.6,63,49.65,7,1,2022-06-01 09:04:49
1654074290060265000,49.6,10,49.6,53,49.65,14,2,2022-06-01 09:04:50
1654074290067099000,49.65,1,49.6,53,49.65,13,1,2022-06-01 09:04:50
1654074290176727000,49.6,1,49.6,52,49.65,13,2,2022-06-01 09:04:50
1654074290232928000,49.6,2,49.6,50,49.65,13,2,2022-06-01 09:04:50
1654074290233816000,49.6,1,49.6,49,49.65,13,2,2022-06-01 09:04:50
1654074290258784000,49.65,1,49.6,49,49.65,12,1,2022-06-01 09:04:50
1654074290277026000,49.6,1,49.6,48,49.65,12,2,2022-06-01 09:04:50
1654074290439013000,49.6,3,49.6,46,49.65,12,2,2022-06-01 09:04:50
1654074290978923000,49.6,1,49.6,46,49.65,17,2,2022-06-01 09:04:50
1654074291022306000,49.6,10,49.6,36,49.65,17,2,2022-06-01 09:04:51
1654074291217052000,49.6,2,49.6,34,49.65,17,2,2022-06-01 09:04:51
1654074292049638000,49.65,1,49.6,44,49.65,16,1,2022-06-01 09:04:52
1654074292114844000,49.6,1,49.6,43,49.65,16,2,2022-06-01 09:04:52
1654074292166387000,49.6,1,49.6,42,49.65,16,2,2022-06-01 09:04:52
1654074292358452000,49.65,10,49.6,42,49.65,11,1,2022-06-01 09:04:52
1654074292359538000,49.6,1,49.6,41,49.65,11,2,2022-06-01 09:04:52
1654074292379994000,49.6,1,49.6,40,49.65,11,2,2022-06-01 09:04:52
1654074292435337000,49.6,10,49.6,30,49.65,11,2,2022-06-01 09:04:52
1654074292482921000,49.6,30,49.55,43,49.65,11,2,2022-06-01 09:04:52
1654074292599728000,49.55,1,49.55,42,49.6,1,2,2022-06-01 09:04:52
1654074292625636000,49.6,1,49.55,43,49.65,11,1,2022-06-01 09:04:52
1654074292674231000,49.65,9,49.55,43,49.65,2,1,2022-06-01 09:04:52
1654074292723392000,49.55,1,49.55,42,49.65,2,2,2022-06-01 09:04:52
1654074293016635000,49.55,5,49.55,37,49.6,1,2,2022-06-01 09:04:53
1654074293430038000,49.6,2,49.55,37,49.65,4,1,2022-06-01 09:04:53
1654074293430038000,49.65,2,49.55,37,49.65,4,1,2022-06-01 09:04:53
1654074293918499000,49.55,5,49.55,32,49.65,7,2,2022-06-01 09:04:53
1654074294026998000,49.6,1,49.55,32,49.6,1,2,2022-06-01 09:04:54
1654074294090142000,49.55,1,49.55,31,49.6,1,2,2022-06-01 09:04:54
1654074294127622000,49.6,1,49.55,31,49.65,7,1,2022-06-01 09:04:54
1654074294276702000,49.55,1,49.55,30,49.65,7,2,2022-06-01 09:04:54
1654074294576014000,49.55,1,49.55,29,49.6,2,2,2022-06-01 09:04:54
1654074294784967000,49.55,1,49.55,28,49.6,7,2,2022-06-01 09:04:54
1654074295111092000,49.55,18,49.55,10,49.6,8,2,2022-06-01 09:04:55
1654074295147571000,49.55,1,49.55,9,49.6,9,2,2022-06-01 09:04:55
1654074295147692000,49.55,1,49.55,8,49.6,9,2,2022-06-01 09:04:55
1654074295652143000,49.55,10,49.45,26,49.5,88,2,2022-06-01 09:04:55
1654074295652143000,49.5,152,49.45,26,49.5,88,2,2022-06-01 09:04:55
1654074295684302000,49.45,1,49.45,25,49.5,88,2,2022-06-01 09:04:55
1654074295684366000,49.45,1,49.45,24,49.5,88,2,2022-06-01 09:04:55
1654074295687752000,49.45,1,49.45,23,49.5,88,2,2022-06-01 09:04:55
1654074295688710000,49.45,1,49.45,22,49.5,88,2,2022-06-01 09:04:55
1654074295710047000,49.45,10,49.45,12,49.5,88,2,2022-06-01 09:04:55
1654074295726032000,49.45,1,49.45,11,49.5,88,2,2022-06-01 09:04:55
1654074295743653000,49.45,5,49.45,6,49.5,88,2,2022-06-01 09:04:55
1654074295780767000,49.45,1,49.45,5,49.5,88,2,2022-06-01 09:04:55
1654074295800258000,49.5,1,49.45,5,49.5,87,1,2022-06-01 09:04:55
1654074295817827000,49.45,1,49.45,4,49.5,87,2,2022-06-01 09:04:55
1654074295914677000,49.5,2,49.45,4,49.5,85,1,2022-06-01 09:04:55
1654074295919014000,49.5,1,49.45,4,49.5,84,1,2022-06-01 09:04:55
1654074295936800000,49.45,1,49.45,3,49.5,84,2,2022-06-01 09:04:55
1654074296105139000,49.45,1,49.45,2,49.5,84,2,2022-06-01 09:04:56
1654074296137842000,49.45,1,49.45,1,49.5,84,2,2022-06-01 09:04:56
1654074296373042000,49.5,1,49.45,6,49.5,92,1,2022-06-01 09:04:56
1654074296643963000,49.45,6,49.4,2,49.5,92,2,2022-06-01 09:04:56
1654074296643963000,49.4,11,49.4,2,49.5,92,2,2022-06-01 09:04:56
1654074296675291000,49.45,1,49.45,4,49.5,92,2,2022-06-01 09:04:56
1654074296678786000,49.45,1,49.45,3,49.5,92,2,2022-06-01 09:04:56
1654074296756335000,49.5,1,49.45,3,49.5,91,1,2022-06-01 09:04:56
1654074296792935000,49.45,3,49.4,8,49.5,91,2,2022-06-01 09:04:56
1654074296792935000,49.4,2,49.4,8,49.5,91,2,2022-06-01 09:04:56
1654074296923697000,49.5,1,49.45,5,49.5,90,1,2022-06-01 09:04:56
1654074296992718000,49.45,1,49.45,4,49.5,90,2,2022-06-01 09:04:56
1654074297075783000,49.45,4,49.4,8,49.5,90,2,2022-06-01 09:04:57
1654074297117852000,49.5,1,49.4,8,49.5,89,1,2022-06-01 09:04:57
1654074297127942000,49.4,6,49.4,2,49.5,89,2,2022-06-01 09:04:57
1654074297281643000,49.4,1,49.4,6,49.45,1,2,2022-06-01 09:04:57
1654074297386173000,49.4,6,49.35,15,49.45,1,2,2022-06-01 09:04:57
1654074297386173000,49.35,4,49.35,15,49.45,1,2,2022-06-01 09:04:57
1654074297434288000,49.4,1,49.35,15,49.5,88,1,2022-06-01 09:04:57
1654074297434288000,49.45,1,49.35,15,49.5,88,1,2022-06-01 09:04:57
1654074297434288000,49.5,1,49.35,15,49.5,88,1,2022-06-01 09:04:57
1654074298361102000,49.5,1,49.4,2,49.5,91,1,2022-06-01 09:04:58
1654074298385992000,49.4,1,49.4,1,49.5,91,2,2022-06-01 09:04:58
1654074298394180000,49.4,1,49.35,15,49.5,91,2,2022-06-01 09:04:58
1654074298548217000,49.35,1,49.35,14,49.45,3,2,2022-06-01 09:04:58
1654074298942359000,49.4,2,49.35,14,49.45,4,2,2022-06-01 09:04:58
1654074299130733000,49.35,2,49.35,12,49.45,7,2,2022-06-01 09:04:59
1654074299247041000,49.35,3,49.35,9,49.45,7,2,2022-06-01 09:04:59
1654074299260720000,49.35,1,49.35,8,49.45,7,2,2022-06-01 09:04:59
1654074299331036000,49.35,1,49.35,7,49.45,9,2,2022-06-01 09:04:59
1654074299518504000,49.35,2,49.35,11,49.45,9,2,2022-06-01 09:04:59
1654074299612771000,49.35,1,49.35,10,49.45,9,2,2022-06-01 09:04:59
1654074299642750000,49.35,1,49.35,9,49.45,9,2,2022-06-01 09:04:59
1654074299729331000,49.45,1,49.35,14,49.45,8,1,2022-06-01 09:04:59
1654074299925469000,49.35,1,49.35,23,49.45,8,2,2022-06-01 09:04:59
1654074299982367000,49.35,11,49.35,12,49.4,3,2,2022-06-01 09:04:59
1654074299985437000,49.4,3,49.4,2,49.45,8,1,2022-06-01 09:04:59
1654074300020645000,49.4,1,49.4,1,49.45,9,2,2022-06-01 09:05:00
1654074300023853000,49.45,2,49.4,1,49.45,7,1,2022-06-01 09:05:00
1654074300416627000,49.4,1,49.35,8,49.45,8,2,2022-06-01 09:05:00
1654074300416627000,49.35,4,49.35,8,49.45,8,2,2022-06-01 09:05:00
1654074300456012000,49.4,2,49.35,8,49.4,17,1,2022-06-01 09:05:00
1654074300508947000,49.4,5,49.35,8,49.4,13,1,2022-06-01 09:05:00
1654074300543069000,49.35,2,49.35,6,49.4,13,2,2022-06-01 09:05:00
1654074300634166000,49.4,1,49.35,6,49.4,12,1,2022-06-01 09:05:00
1654074300732583000,49.4,1,49.35,6,49.4,11,1,2022-06-01 09:05:00
1654074300976681000,49.35,1,49.35,6,49.4,11,2,2022-06-01 09:05:00
1654074301026316000,49.35,6,49.3,40,49.4,11,2,2022-06-01 09:05:01
1654074301244100000,49.3,4,49.3,37,49.4,11,2,2022-06-01 09:05:01
1654074301310620000,49.3,1,49.3,36,49.35,1,2,2022-06-01 09:05:01
1654074301471663000,49.35,1,49.3,36,49.4,3,1,2022-06-01 09:05:01
1654074301639598000,49.3,5,49.3,32,49.4,3,2,2022-06-01 09:05:01
1654074301661937000,49.4,1,49.3,32,49.4,2,1,2022-06-01 09:05:01
1654074301865821000,49.35,1,49.35,1,49.4,2,1,2022-06-01 09:05:01
1654074301988650000,49.4,1,49.35,1,49.4,1,1,2022-06-01 09:05:01
1654074302058973000,49.35,1,49.35,1,49.4,1,2,2022-06-01 09:05:02
1654074302146742000,49.4,1,49.35,1,49.45,9,1,2022-06-01 09:05:02
1654074302224882000,49.35,1,49.35,1,49.45,9,2,2022-06-01 09:05:02
1654074302241697000,49.3,1,49.3,39,49.45,9,2,2022-06-01 09:05:02
1654074302371014000,49.3,6,49.3,33,49.45,9,2,2022-06-01 09:05:02
1654074302464604000,49.35,5,49.3,35,49.45,8,2,2022-06-01 09:05:02
1654074302464604000,49.3,6,49.3,35,49.45,8,2,2022-06-01 09:05:02
1654074302724148000,49.4,2,49.3,35,49.45,8,2,2022-06-01 09:05:02
1654074302730352000,49.3,5,49.3,30,49.45,8,2,2022-06-01 09:05:02
1654074302809685000,49.35,1,49.3,30,49.45,8,1,2022-06-01 09:05:02
1654074302937131000,49.4,2,49.3,33,49.45,8,1,2022-06-01 09:05:02
1654074303376394000,49.4,1,49.3,33,49.45,8,2,2022-06-01 09:05:03
1654074303380833000,49.45,3,49.3,33,49.45,5,1,2022-06-01 09:05:03
1654074303619427000,49.4,1,49.4,9,49.45,6,2,2022-06-01 09:05:03
1654074303720096000,49.45,4,49.4,9,49.45,2,1,2022-06-01 09:05:03
1654074303770635000,49.4,3,49.4,6,49.45,2,2,2022-06-01 09:05:03
1654074303904062000,49.4,2,49.4,4,49.45,2,2,2022-06-01 09:05:03
1654074303933238000,49.45,8,49.4,4,49.5,86,1,2022-06-01 09:05:03
1654074304255881000,49.4,5,49.1,31,49.15,254,2,2022-06-01 09:05:04
1654074304255881000,49.35,9,49.1,31,49.15,254,2,2022-06-01 09:05:04
1654074304255881000,49.3,40,49.1,31,49.15,254,2,2022-06-01 09:05:04
1654074304255881000,49.25,66,49.1,31,49.15,254,2,2022-06-01 09:05:04
1654074304255881000,49.2,36,49.1,31,49.15,254,2,2022-06-01 09:05:04
1654074304255881000,49.15,10,49.1,31,49.15,254,2,2022-06-01 09:05:04
1654074304272424000,49.15,42,49.1,32,49.15,212,1,2022-06-01 09:05:04
1654074304272457000,49.15,212,49.1,32,49.4,3,1,2022-06-01 09:05:04
1654074304275839000,49.1,1,49.1,29,49.4,3,2,2022-06-01 09:05:04
1654074304276698000,49.1,1,49.1,28,49.4,3,2,2022-06-01 09:05:04
1654074304279166000,49.15,1,49.15,5,49.4,3,2,2022-06-01 09:05:04
1654074304280167000,49.15,1,49.15,4,49.4,5,2,2022-06-01 09:05:04
1654074304281918000,49.15,1,49.15,8,49.4,3,2,2022-06-01 09:05:04
1654074304281969000,49.15,1,49.15,7,49.4,3,2,2022-06-01 09:05:04
1654074304284916000,49.15,1,49.15,1,49.35,2,2,2022-06-01 09:05:04
1654074304285411000,49.15,1,49.1,28,49.35,2,2,2022-06-01 09:05:04
1654074304288723000,49.1,1,49.1,28,49.35,2,2,2022-06-01 09:05:04
1654074304288845000,49.1,5,49.1,23,49.35,2,2,2022-06-01 09:05:04
1654074304298878000,49.2,1,49.2,2,49.35,9,2,2022-06-01 09:05:04
1654074304312920000,49.2,1,49.2,2,49.3,2,2,2022-06-01 09:05:04
1654074304321563000,49.2,1,49.2,1,49.3,2,2,2022-06-01 09:05:04
1654074304363986000,49.25,2,49.15,18,49.3,6,2,2022-06-01 09:05:04
1654074304363986000,49.2,1,49.15,18,49.3,6,2,2022-06-01 09:05:04
1654074304424907000,49.3,6,49.25,34,49.35,9,1,2022-06-01 09:05:04
1654074304548851000,49.35,1,49.25,34,49.35,8,1,2022-06-01 09:05:04
1654074304610527000,49.35,5,49.25,34,49.35,3,1,2022-06-01 09:05:04
1654074304645696000,49.35,1,49.25,34,49.35,2,1,2022-06-01 09:05:04
1654074304799305000,49.25,10,49.25,24,49.35,2,2,2022-06-01 09:05:04
1654074304886453000,49.25,9,49.25,15,49.35,2,2,2022-06-01 09:05:04
1654074304996417000,49.35,2,49.3,1,49.4,6,1,2022-06-01 09:05:04
1654074305105798000,49.3,1,49.25,15,49.4,12,2,2022-06-01 09:05:05
1654074305209876000,49.25,1,49.25,14,49.4,12,2,2022-06-01 09:05:05
1654074305220860000,49.25,2,49.25,12,49.4,12,2,2022-06-01 09:05:05
1654074305468777000,49.4,1,49.25,12,49.4,11,1,2022-06-01 09:05:05
1654074305488609000,49.4,1,49.25,12,49.4,32,1,2022-06-01 09:05:05
1654074305710803000,49.4,10,49.35,38,49.4,14,1,2022-06-01 09:05:05
1654074305830879000,49.4,2,49.35,38,49.4,12,1,2022-06-01 09:05:05
1654074305948321000,49.4,12,49.35,38,49.5,89,1,2022-06-01 09:05:05
1654074306390254000,49.4,1,49.4,10,49.45,1,2,2022-06-01 09:05:06
1654074306430897000,49.45,1,49.4,10,49.5,93,1,2022-06-01 09:05:06
1654074306527010000,49.4,1,49.4,9,49.5,93,2,2022-06-01 09:05:06
1654074306612875000,49.4,2,49.4,7,49.5,93,2,2022-06-01 09:05:06
1654074306777761000,49.4,1,49.4,6,49.45,1,2,2022-06-01 09:05:06
1654074306990404000,49.45,1,49.4,6,49.5,92,1,2022-06-01 09:05:06
1654074307077298000,49.4,6,49.35,47,49.5,92,2,2022-06-01 09:05:07
1654074307077298000,49.35,4,49.35,47,49.5,92,2,2022-06-01 09:05:07
1654074307484743000,49.45,1,49.35,47,49.5,94,2,2022-06-01 09:05:07
1654074307557585000,49.35,3,49.35,44,49.5,94,2,2022-06-01 09:05:07
1654074307561274000,49.35,10,49.35,34,49.5,94,2,2022-06-01 09:05:07
1654074307849487000,49.4,1,49.4,1,49.45,2,2,2022-06-01 09:05:07
1654074307945820000,49.45,2,49.4,1,49.5,94,1,2022-06-01 09:05:07
1654074308015727000,49.4,1,49.35,41,49.5,94,2,2022-06-01 09:05:08
1654074308060900000,49.45,1,49.35,41,49.5,94,2,2022-06-01 09:05:08
1654074308161622000,49.45,5,49.35,41,49.5,94,2,2022-06-01 09:05:08
1654074308844466000,49.4,1,49.35,46,49.45,4,2,2022-06-01 09:05:08
1654074308949479000,49.45,5,49.35,46,49.5,95,1,2022-06-01 09:05:08
1654074309816621000,49.4,2,49.35,53,49.45,1,2,2022-06-01 09:05:09
1654074309964001000,49.45,1,49.35,54,49.5,95,1,2022-06-01 09:05:09
1654074310416581000,49.4,4,49.4,1,49.5,96,1,2022-06-01 09:05:10
1654074310449930000,49.5,5,49.4,1,49.5,91,1,2022-06-01 09:05:10
1654074310614268000,49.4,1,49.35,54,49.45,2,2,2022-06-01 09:05:10
1654074310672762000,49.4,1,49.35,54,49.5,93,1,2022-06-01 09:05:10
1654074310804515000,49.35,1,49.35,53,49.5,91,2,2022-06-01 09:05:10
1654074311291349000,49.45,1,49.4,11,49.45,1,1,2022-06-01 09:05:11
1654074311466455000,49.4,10,49.4,1,49.45,1,2,2022-06-01 09:05:11
1654074311568658000,49.4,1,49.4,10,49.45,2,2,2022-06-01 09:05:11
1654074311659119000,49.45,1,49.4,10,49.45,1,1,2022-06-01 09:05:11
1654074311923327000,49.45,2,49.4,30,49.5,106,1,2022-06-01 09:05:11
1654074312044837000,49.4,1,49.4,34,49.5,106,2,2022-06-01 09:05:12
1654074312321608000,49.45,1,49.45,2,49.5,106,2,2022-06-01 09:05:12
1654074312582898000,49.45,1,49.45,1,49.5,106,2,2022-06-01 09:05:12
1654074312671232000,49.5,1,49.45,1,49.5,105,1,2022-06-01 09:05:12
1654074312898243000,49.45,1,49.4,35,49.5,105,2,2022-06-01 09:05:12
1654074312898243000,49.4,2,49.4,35,49.5,105,2,2022-06-01 09:05:12
1654074312960690000,49.5,30,49.4,35,49.5,75,1,2022-06-01 09:05:12
1654074313103274000,49.45,1,49.45,37,49.5,76,2,2022-06-01 09:05:13
1654074313606687000,49.45,4,49.45,33,49.5,76,2,2022-06-01 09:05:13
1654074313656065000,49.45,2,49.45,31,49.5,76,2,2022-06-01 09:05:13
1654074314205050000,49.45,1,49.45,30,49.5,77,2,2022-06-01 09:05:14
1654074314456788000,49.5,1,49.45,32,49.5,77,1,2022-06-01 09:05:14
1654074314631385000,49.45,5,49.45,27,49.5,77,2,2022-06-01 09:05:14
1654074314661932000,49.45,1,49.45,26,49.5,77,2,2022-06-01 09:05:14
1654074314845116000,49.45,1,49.45,27,49.5,77,2,2022-06-01 09:05:14
1654074315949502000,49.45,1,49.45,26,49.5,80,2,2022-06-01 09:05:15
1654074316241022000,49.45,1,49.45,28,49.5,80,2,2022-06-01 09:05:16
