ts,close,volume,bid_price,bid_volume,ask_price,ask_volume,tick_type,datetime
1646211726932163000,191.0,306,191.0,35,191.5,10,1,2022-03-02 09:02:06
1646211727216977000,191.5,1,191.0,34,191.5,9,1,2022-03-02 09:02:07
1646211727252707000,191.5,6,191.0,34,191.5,3,1,2022-03-02 09:02:07
1646211727252727000,191.5,3,191.0,34,192.0,56,1,2022-03-02 09:02:07
1646211727566494000,191.0,1,191.0,33,192.0,56,2,2022-03-02 09:02:07
1646211727627066000,191.0,1,191.0,32,192.0,56,2,2022-03-02 09:02:07
1646211727799191000,191.0,1,191.0,31,192.0,56,2,2022-03-02 09:02:07
1646211728433218000,191.0,4,191.0,27,192.0,56,2,2022-03-02 09:02:08
1646211728770418000,192.0,1,191.0,27,192.0,55,1,2022-03-02 09:02:08
1646211729007819000,192.0,1,191.0,27,192.0,54,1,2022-03-02 09:02:09
1646211729820306000,191.0,5,191.0,22,191.5,1,2,2022-03-02 09:02:09
1646211730248433000,191.0,1,191.0,22,191.5,2,2,2022-03-02 09:02:10
1646211730761216000,191.5,1,191.0,24,191.5,1,1,2022-03-02 09:02:10
1646211731335098000,191.5,1,191.0,25,192.0,54,1,2022-03-02 09:02:11
1646211731349828000,191.0,3,191.0,22,191.5,1,2,2022-03-02 09:02:11
1646211731767092000,191.5,1,191.0,23,191.5,5,1,2022-03-02 09:02:11
1646211732084906000,191.5,1,191.0,23,191.5,14,1,2022-03-02 09:02:12
1646211732505637000,191.0,10,191.0,13,191.5,14,2,2022-03-02 09:02:12
1646211732549851000,191.0,9,191.0,9,191.5,14,2,2022-03-02 09:02:12
1646211732573377000,191.0,1,191.0,8,191.5,14,2,2022-03-02 09:02:12
1646211732663307000,191.0,1,191.0,7,191.5,14,2,2022-03-02 09:02:12
1646211732793754000,191.5,1,191.0,9,191.5,13,1,2022-03-02 09:02:12
1646211732820384000,191.5,1,191.0,10,191.5,12,1,2022-03-02 09:02:12
1646211732912791000,191.5,1,191.0,10,191.5,11,1,2022-03-02 09:02:12
1646211733191542000,191.5,1,191.0,11,191.5,10,1,2022-03-02 09:02:13
1646211733449101000,191.5,1,191.0,13,191.5,15,1,2022-03-02 09:02:13
1646211733455732000,191.0,3,191.0,10,191.5,15,2,2022-03-02 09:02:13
1646211733547624000,191.5,1,191.0,10,191.5,14,1,2022-03-02 09:02:13
1646211733623171000,191.5,1,191.0,12,191.5,13,1,2022-03-02 09:02:13
1646211733634650000,191.5,10,191.0,12,191.5,3,1,2022-03-02 09:02:13
1646211733833092000,191.5,1,191.0,12,191.5,2,1,2022-03-02 09:02:13
1646211733835536000,191.0,1,191.0,11,191.5,2,2,2022-03-02 09:02:13
1646211734009574000,191.5,1,191.0,13,191.5,1,1,2022-03-02 09:02:14
1646211734026748000,191.5,1,191.0,13,192.0,54,1,2022-03-02 09:02:14
1646211734199528000,191.5,1,191.0,13,191.5,1,1,2022-03-02 09:02:14
1646211734221068000,191.5,1,191.0,13,192.0,54,1,2022-03-02 09:02:14
1646211734297603000,192.0,5,191.5,1,192.0,49,1,2022-03-02 09:02:14
1646211734327931000,192.0,1,191.5,1,192.0,48,1,2022-03-02 09:02:14
1646211734414543000,192.0,1,191.5,1,192.0,47,1,2022-03-02 09:02:14
1646211734562600000,192.0,1,191.5,3,192.0,46,1,2022-03-02 09:02:14
1646211734875777000,192.0,1,191.5,3,192.0,45,1,2022-03-02 09:02:14
1646211734933016000,192.0,2,191.5,3,192.0,43,1,2022-03-02 09:02:14
1646211735012494000,191.5,1,191.5,4,192.0,43,2,2022-03-02 09:02:15
1646211735390086000,191.5,2,191.5,4,192.0,43,2,2022-03-02 09:02:15
1646211735497927000,192.0,1,191.5,4,192.0,42,1,2022-03-02 09:02:15
1646211735651619000,192.0,1,191.5,5,192.0,41,1,2022-03-02 09:02:15
1646211736056002000,192.0,41,191.5,6,192.5,31,1,2022-03-02 09:02:16
1646211736172841000,192.5,1,192.0,1,192.5,30,1,2022-03-02 09:02:16
1646211736241213000,192.5,1,192.0,1,192.5,29,1,2022-03-02 09:02:16
1646211736510925000,192.5,1,192.0,1,192.5,28,1,2022-03-02 09:02:16
1646211736751119000,192.5,5,192.0,1,192.5,23,1,2022-03-02 09:02:16
1646211736782877000,192.5,9,192.0,2,192.5,14,1,2022-03-02 09:02:16
1646211736813269000,192.5,12,192.0,2,192.5,2,1,2022-03-02 09:02:16
1646211736844284000,192.5,2,192.0,2,193.0,33,1,2022-03-02 09:02:16
1646211737055787000,193.0,10,192.0,9,193.0,23,1,2022-03-02 09:02:17
1646211737074726000,193.0,1,192.0,9,193.0,22,1,2022-03-02 09:02:17
1646211737092632000,193.0,22,192.0,9,193.5,31,1,2022-03-02 09:02:17
1646211737171200000,193.5,1,192.0,9,193.5,30,1,2022-03-02 09:02:17
1646211737187942000,193.5,2,192.0,9,193.5,28,1,2022-03-02 09:02:17
1646211737213943000,193.5,2,192.0,9,193.5,26,1,2022-03-02 09:02:17
1646211737224037000,193.5,1,192.0,9,193.5,25,1,2022-03-02 09:02:17
1646211737417306000,192.0,1,192.0,14,193.5,25,2,2022-03-02 09:02:17
1646211737496831000,193.5,1,192.0,14,193.5,24,1,2022-03-02 09:02:17
1646211737541786000,192.0,1,192.0,14,193.5,24,2,2022-03-02 09:02:17
1646211737650497000,193.5,1,192.5,10,193.5,23,1,2022-03-02 09:02:17
1646211738016008000,193.5,2,192.5,10,193.5,21,1,2022-03-02 09:02:18
1646211738058512000,193.5,21,193.0,10,194.0,33,1,2022-03-02 09:02:18
1646211738205642000,194.0,5,193.0,10,194.0,28,1,2022-03-02 09:02:18
1646211738350797000,194.0,1,193.0,10,194.0,27,1,2022-03-02 09:02:18
1646211738409375000,194.0,1,193.0,10,194.0,26,1,2022-03-02 09:02:18
1646211738560895000,194.0,5,193.0,10,194.0,21,1,2022-03-02 09:02:18
1646211738641644000,194.0,1,193.0,10,194.0,20,1,2022-03-02 09:02:18
1646211738663756000,194.0,1,193.0,10,194.0,19,1,2022-03-02 09:02:18
1646211739122146000,194.0,1,192.5,3,194.0,18,1,2022-03-02 09:02:19
1646211739154140000,194.0,1,192.5,3,194.0,17,1,2022-03-02 09:02:19
1646211739217356000,194.0,1,192.5,3,194.0,16,1,2022-03-02 09:02:19
1646211739294543000,194.0,1,193.5,3,194.0,15,1,2022-03-02 09:02:19
1646211739476773000,194.0,1,193.5,3,194.0,14,1,2022-03-02 09:02:19
1646211739608645000,194.0,1,193.5,3,194.0,13,1,2022-03-02 09:02:19
1646211739844374000,194.0,1,193.5,3,194.0,12,1,2022-03-02 09:02:19
1646211739911369000,194.0,1,193.5,3,194.0,11,1,2022-03-02 09:02:19
1646211740014048000,194.0,1,193.5,9,194.0,10,1,2022-03-02 09:02:20
1646211740381514000,194.0,1,193.5,14,194.0,9,1,2022-03-02 09:02:20
1646211740412201000,194.0,1,193.5,14,194.0,8,1,2022-03-02 09:02:20
1646211740427348000,194.0,8,193.5,14,194.5,13,1,2022-03-02 09:02:20
1646211740444133000,194.5,1,193.5,14,194.5,12,1,2022-03-02 09:02:20
1646211740508408000,194.5,2,193.5,15,194.5,10,1,2022-03-02 09:02:20
1646211740688915000,194.5,1,193.5,16,194.5,9,1,2022-03-02 09:02:20
1646211740900652000,194.5,1,194.0,2,194.5,8,1,2022-03-02 09:02:20
1646211740925415000,194.0,1,194.0,3,194.5,8,2,2022-03-02 09:02:20
1646211741245183000,194.5,1,194.0,3,194.5,7,1,2022-03-02 09:02:21
1646211741316483000,194.5,3,194.0,3,194.5,4,1,2022-03-02 09:02:21
1646211741598587000,194.5,1,194.0,5,194.5,3,1,2022-03-02 09:02:21
1646211741630597000,194.5,3,194.0,5,195.0,23,1,2022-03-02 09:02:21
1646211741797433000,195.0,5,194.0,7,195.0,18,1,2022-03-02 09:02:21
1646211741879773000,195.0,1,194.0,8,195.0,17,1,2022-03-02 09:02:21
1646211742098481000,195.0,2,194.0,10,195.0,15,1,2022-03-02 09:02:22
1646211742261575000,195.0,3,194.0,15,195.0,12,1,2022-03-02 09:02:22
1646211742446991000,195.0,3,194.0,16,195.0,9,1,2022-03-02 09:02:22
1646211742501670000,195.0,2,194.5,10,195.0,7,1,2022-03-02 09:02:22
1646211742526794000,195.0,7,194.5,11,195.5,11,1,2022-03-02 09:02:22
1646211742544463000,195.5,1,194.5,11,195.5,10,1,2022-03-02 09:02:22
1646211742601930000,195.5,1,194.5,12,195.5,9,1,2022-03-02 09:02:22
1646211742605734000,195.5,1,194.5,12,195.5,8,1,2022-03-02 09:02:22
1646211742837167000,195.5,1,194.5,12,195.5,7,1,2022-03-02 09:02:22
1646211742983523000,195.5,1,194.5,16,195.5,6,1,2022-03-02 09:02:22
1646211743030334000,195.5,6,194.5,16,196.0,11,1,2022-03-02 09:02:23
1646211743030334000,196.0,4,194.5,16,196.0,11,1,2022-03-02 09:02:23
1646211743065650000,196.0,1,194.5,18,196.0,10,1,2022-03-02 09:02:23
1646211743152872000,196.0,1,194.5,18,196.0,9,1,2022-03-02 09:02:23
1646211743383329000,196.0,1,195.0,1,196.0,8,1,2022-03-02 09:02:23
1646211743424207000,195.0,2,194.5,20,195.0,5,2,2022-03-02 09:02:23
1646211743462079000,195.0,5,194.5,20,196.0,8,1,2022-03-02 09:02:23
1646211743676432000,196.0,1,195.0,2,196.0,7,1,2022-03-02 09:02:23
1646211743688009000,196.0,2,195.0,2,196.0,5,1,2022-03-02 09:02:23
1646211743688744000,196.0,1,195.0,2,196.0,4,1,2022-03-02 09:02:23
1646211743950119000,196.0,4,195.5,1,196.5,5,1,2022-03-02 09:02:23
1646211743950119000,196.5,6,195.5,1,196.5,5,1,2022-03-02 09:02:23
1646211744081299000,195.5,1,195.5,2,196.5,5,2,2022-03-02 09:02:24
1646211744096600000,196.5,1,195.5,2,196.5,4,1,2022-03-02 09:02:24
1646211744240940000,196.5,1,195.5,4,196.5,3,1,2022-03-02 09:02:24
1646211744445875000,196.5,2,196.0,10,196.5,1,1,2022-03-02 09:02:24
1646211744582367000,196.5,1,196.5,10,197.0,15,1,2022-03-02 09:02:24
1646211744583545000,197.0,1,196.5,10,197.0,14,1,2022-03-02 09:02:24
1646211744806294000,197.0,1,196.5,10,197.0,13,1,2022-03-02 09:02:24
1646211744874782000,197.0,1,196.5,10,197.0,12,1,2022-03-02 09:02:24
1646211744895997000,197.0,2,196.5,10,197.0,10,1,2022-03-02 09:02:24
1646211744927920000,197.0,1,196.5,10,197.0,9,1,2022-03-02 09:02:24
1646211745114178000,196.5,2,196.5,8,197.0,9,2,2022-03-02 09:02:25
1646211745205080000,197.0,1,196.5,8,197.0,8,1,2022-03-02 09:02:25
1646211745542910000,197.0,1,196.5,8,197.0,7,1,2022-03-02 09:02:25
1646211745650091000,196.5,8,196.0,10,197.0,7,2,2022-03-02 09:02:25
1646211745650091000,196.0,2,196.0,10,197.0,7,2,2022-03-02 09:02:25
1646211745704283000,197.0,1,196.0,10,197.0,6,1,2022-03-02 09:02:25
1646211745709127000,196.0,1,196.0,9,197.0,6,2,2022-03-02 09:02:25
1646211745804656000,197.0,6,196.5,2,197.5,27,1,2022-03-02 09:02:25
1646211745804656000,197.5,4,196.5,2,197.5,27,1,2022-03-02 09:02:25
1646211745978217000,197.5,2,197.0,1,197.5,25,1,2022-03-02 09:02:25
1646211746116077000,197.5,1,197.0,1,197.5,24,1,2022-03-02 09:02:26
1646211746127961000,197.5,1,197.0,1,197.5,23,1,2022-03-02 09:02:26
1646211746219926000,197.5,1,197.0,1,197.5,22,1,2022-03-02 09:02:26
1646211746247448000,197.5,1,197.0,1,197.5,21,1,2022-03-02 09:02:26
1646211746257417000,197.5,2,197.0,1,197.5,19,1,2022-03-02 09:02:26
1646211746425319000,197.5,1,197.0,1,197.5,18,1,2022-03-02 09:02:26
1646211746551729000,197.5,3,197.0,1,197.5,15,1,2022-03-02 09:02:26
1646211746967911000,197.5,1,197.0,3,197.5,14,1,2022-03-02 09:02:26
1646211747177683000,197.5,2,197.0,3,197.5,12,1,2022-03-02 09:02:27
1646211747417607000,197.5,2,197.0,6,197.5,10,1,2022-03-02 09:02:27
1646211747453243000,197.5,3,197.0,6,197.5,7,1,2022-03-02 09:02:27
1646211747509635000,197.0,1,197.0,5,197.5,7,2,2022-03-02 09:02:27
1646211747688822000,197.5,1,197.0,7,197.5,6,1,2022-03-02 09:02:27
1646211747890634000,197.5,1,197.0,9,197.5,5,1,2022-03-02 09:02:27
1646211747907201000,197.5,1,197.0,9,197.5,4,1,2022-03-02 09:02:27
1646211748108026000,197.0,1,197.0,15,197.5,4,2,2022-03-02 09:02:28
1646211748195485000,197.5,1,197.0,16,197.5,3,1,2022-03-02 09:02:28
1646211748201931000,197.5,1,197.0,16,197.5,2,1,2022-03-02 09:02:28
1646211748230807000,197.5,1,197.0,16,197.5,1,1,2022-03-02 09:02:28
1646211748235972000,197.5,1,197.0,16,198.0,16,1,2022-03-02 09:02:28
1646211748483499000,197.5,0,0.0,0,0.0,0,2,2022-03-02 09:02:28
1646211869129453000,207.5,1075,207.5,461,208.0,117,1,2022-03-02 09:04:29
1646211869174831000,207.5,2,207.5,459,208.0,117,2,2022-03-02 09:04:29
1646211869176910000,208.0,1,207.5,459,208.0,116,1,2022-03-02 09:04:29
1646211869190239000,208.0,5,207.5,459,208.0,111,1,2022-03-02 09:04:29
1646211869218471000,208.0,1,207.5,459,208.0,110,1,2022-03-02 09:04:29
1646211869219432000,208.0,1,207.5,459,208.0,109,1,2022-03-02 09:04:29
1646211869220227000,208.0,1,207.5,459,208.0,108,1,2022-03-02 09:04:29
1646211869221482000,208.0,1,207.5,459,208.0,107,1,2022-03-02 09:04:29
1646211869234785000,207.5,3,207.5,456,208.0,107,2,2022-03-02 09:04:29
1646211869247681000,208.0,5,207.5,456,208.0,102,1,2022-03-02 09:04:29
1646211869247719000,208.0,1,207.5,456,208.0,101,1,2022-03-02 09:04:29
1646211869259651000,208.0,2,207.5,456,208.0,99,1,2022-03-02 09:04:29
1646211869327697000,208.0,12,207.5,456,208.0,87,1,2022-03-02 09:04:29
1646211869373463000,208.0,2,207.5,456,208.0,85,1,2022-03-02 09:04:29
1646211869373895000,208.0,1,207.5,456,208.0,84,1,2022-03-02 09:04:29
1646211869374042000,207.5,3,207.5,453,208.0,84,2,2022-03-02 09:04:29
1646211869400256000,208.0,1,207.5,453,208.0,83,1,2022-03-02 09:04:29
1646211869406749000,208.0,1,207.5,453,208.0,82,1,2022-03-02 09:04:29
1646211869410632000,207.5,1,207.5,452,208.0,82,2,2022-03-02 09:04:29
1646211869416430000,208.0,7,207.5,452,208.0,75,1,2022-03-02 09:04:29
1646211869451656000,207.5,9,207.5,443,208.0,75,2,2022-03-02 09:04:29
1646211869454759000,207.5,1,207.5,442,208.0,75,2,2022-03-02 09:04:29
1646211869516025000,208.0,1,207.5,442,208.0,74,1,2022-03-02 09:04:29
1646211869535880000,207.5,3,207.5,439,208.0,74,2,2022-03-02 09:04:29
1646211869548184000,207.5,1,207.5,438,208.0,74,2,2022-03-02 09:04:29
1646211869553260000,207.5,1,207.5,437,208.0,74,2,2022-03-02 09:04:29
1646211869579523000,207.5,1,207.5,436,208.0,74,2,2022-03-02 09:04:29
1646211869584222000,208.0,1,207.5,436,208.0,73,1,2022-03-02 09:04:29
1646211869596093000,207.5,1,207.5,435,208.0,73,2,2022-03-02 09:04:29
1646211869601370000,207.5,3,207.5,432,208.0,73,2,2022-03-02 09:04:29
1646211869613387000,208.0,1,207.5,432,208.0,72,1,2022-03-02 09:04:29
1646211869613478000,207.5,1,207.5,431,208.0,72,2,2022-03-02 09:04:29
1646211869627822000,208.0,1,207.5,431,208.0,71,1,2022-03-02 09:04:29
1646211869734301000,208.0,1,207.5,431,208.0,70,1,2022-03-02 09:04:29
1646211869736321000,208.0,1,207.5,431,208.0,69,1,2022-03-02 09:04:29
1646211869926855000,208.0,1,207.5,431,208.0,68,1,2022-03-02 09:04:29
1646211869979789000,207.5,2,207.5,429,208.0,68,2,2022-03-02 09:04:29
1646211870196291000,208.0,1,207.5,429,208.0,67,1,2022-03-02 09:04:30
1646211870339586000,207.5,1,207.5,428,208.0,67,2,2022-03-02 09:04:30
1646211872128724000,206.5,1,201.0,11,207.5,3,2,2022-03-02 09:04:32
1646211872143236000,201.0,1,201.0,10,207.5,3,2,2022-03-02 09:04:32
1646211872264825000,207.5,1,201.0,10,207.5,2,1,2022-03-02 09:04:32
1646211872355122000,206.5,3,201.0,10,207.5,2,2,2022-03-02 09:04:32
1646211872469286000,201.5,1,201.5,1,207.5,2,2,2022-03-02 09:04:32
1646211872586555000,201.5,1,201.0,6,207.5,2,2,2022-03-02 09:04:32
1646211872586555000,201.0,4,201.0,6,207.5,2,2,2022-03-02 09:04:32
1646211872682962000,201.5,1,201.5,1,207.0,1,2,2022-03-02 09:04:32
1646211872716067000,201.5,1,201.0,6,207.0,1,2,2022-03-02 09:04:32
1646211872768121000,206.0,1,201.0,6,207.0,1,2,2022-03-02 09:04:32
1646211873081949000,201.0,6,0.0,0,0.0,0,2,2022-03-02 09:04:33
1646211873081949000,200.5,1,0.0,0,0.0,0,2,2022-03-02 09:04:33
1646211873081949000,200.5,0,0.0,0,0.0,0,2,2022-03-02 09:04:33
1646211993602251000,195.0,238,195.0,6,195.5,20,2,2022-03-02 09:06:33
1646211993621229000,195.0,6,194.0,6,195.5,20,2,2022-03-02 09:06:33
1646211993783738000,194.0,1,194.0,9,195.5,20,2,2022-03-02 09:06:33
1646211994314292000,195.5,3,194.0,9,195.5,17,1,2022-03-02 09:06:34
1646211994686013000,194.5,1,194.0,9,195.5,17,2,2022-03-02 09:06:34
1646211994750556000,195.0,1,194.0,9,195.5,17,1,2022-03-02 09:06:34
1646211994990316000,195.0,1,194.0,9,195.0,2,1,2022-03-02 09:06:34
1646211995640051000,195.0,1,194.0,9,195.0,1,1,2022-03-02 09:06:35
1646211996002662000,194.0,1,194.0,8,195.0,1,2,2022-03-02 09:06:36
1646211996267745000,194.0,1,194.0,7,195.0,1,2,2022-03-02 09:06:36
1646211996364629000,194.0,1,194.0,6,195.0,1,2,2022-03-02 09:06:36
1646211996689078000,194.0,1,194.0,15,195.0,1,2,2022-03-02 09:06:36
1646211996907807000,194.0,2,194.0,13,195.0,1,2,2022-03-02 09:06:36
1646211997694554000,195.0,1,194.5,10,195.5,18,1,2022-03-02 09:06:37
1646211998783635000,195.0,1,194.5,12,195.5,18,2,2022-03-02 09:06:38
1646211999093436000,195.5,1,194.5,12,195.5,17,1,2022-03-02 09:06:39
1646212000042953000,195.5,2,195.0,32,195.5,15,1,2022-03-02 09:06:40
1646212000482827000,195.5,1,195.0,34,195.5,14,1,2022-03-02 09:06:40
1646212000769940000,195.5,5,195.0,34,195.5,9,1,2022-03-02 09:06:40
1646212000842229000,195.0,2,195.0,32,195.5,9,2,2022-03-02 09:06:40
1646212000951320000,195.0,1,195.0,31,195.5,9,2,2022-03-02 09:06:40
1646212001274835000,195.5,5,195.0,31,195.5,4,1,2022-03-02 09:06:41
1646212001546418000,195.5,1,195.0,22,195.5,3,1,2022-03-02 09:06:41
1646212001751176000,195.5,1,195.0,23,195.5,2,1,2022-03-02 09:06:41
1646212001760772000,195.5,1,195.0,23,195.5,1,1,2022-03-02 09:06:41
1646212001903152000,195.5,1,195.5,3,196.0,55,1,2022-03-02 09:06:41
1646212002190701000,195.5,2,195.5,1,196.0,55,2,2022-03-02 09:06:42
1646212002214304000,195.5,1,195.0,22,196.0,55,2,2022-03-02 09:06:42
1646212002504642000,195.5,1,195.5,4,196.0,55,2,2022-03-02 09:06:42
1646212002846719000,196.0,10,195.5,11,196.0,45,1,2022-03-02 09:06:42
1646212002927791000,196.0,1,195.5,11,196.0,44,1,2022-03-02 09:06:42
1646212003280573000,196.0,4,195.5,18,196.0,40,1,2022-03-02 09:06:43
1646212003501416000,196.0,15,195.5,26,196.0,25,1,2022-03-02 09:06:43
1646212003533193000,196.0,17,195.5,26,196.0,8,1,2022-03-02 09:06:43
1646212003534023000,196.0,8,195.5,26,196.5,20,1,2022-03-02 09:06:43
1646212003685387000,196.5,1,195.5,29,196.5,19,1,2022-03-02 09:06:43
1646212004452627000,196.0,1,196.0,2,196.5,19,2,2022-03-02 09:06:44
1646212005410407000,196.5,1,196.0,13,196.5,18,1,2022-03-02 09:06:45
1646212005434367000,196.5,1,196.0,13,196.5,17,1,2022-03-02 09:06:45
1646212005777887000,196.0,1,196.0,14,196.5,17,2,2022-03-02 09:06:45
1646212005813278000,196.5,2,196.0,14,196.5,15,1,2022-03-02 09:06:45
1646212006030098000,196.5,1,196.0,15,196.5,14,1,2022-03-02 09:06:46
1646212006694246000,196.5,1,196.0,19,196.5,13,1,2022-03-02 09:06:46
1646212006847570000,196.5,1,196.0,19,196.5,12,1,2022-03-02 09:06:46
1646212007057111000,196.5,3,196.0,29,196.5,9,1,2022-03-02 09:06:47
1646212007357092000,196.5,3,196.0,30,196.5,6,1,2022-03-02 09:06:47
1646212007472999000,196.5,1,196.0,30,196.5,5,1,2022-03-02 09:06:47
1646212007489153000,196.5,2,196.0,30,196.5,3,1,2022-03-02 09:06:47
1646212007707732000,196.5,1,196.0,29,196.5,2,1,2022-03-02 09:06:47
1646212007738871000,196.5,2,196.0,29,197.0,23,1,2022-03-02 09:06:47
1646212008776838000,196.5,2,196.5,11,197.0,23,2,2022-03-02 09:06:48
1646212008808496000,197.0,1,196.5,12,197.0,22,1,2022-03-02 09:06:48
1646212008931178000,196.5,1,196.5,11,197.0,22,2,2022-03-02 09:06:48
1646212008967955000,197.0,1,196.5,11,197.0,21,1,2022-03-02 09:06:48
1646212008989765000,196.5,1,196.5,10,197.0,21,2,2022-03-02 09:06:48
1646212009210439000,196.5,1,196.5,12,197.0,21,2,2022-03-02 09:06:49
1646212009336995000,197.0,1,196.5,12,197.0,20,1,2022-03-02 09:06:49
1646212009436136000,196.5,1,196.5,11,197.0,20,2,2022-03-02 09:06:49
1646212009903528000,197.0,1,196.5,15,197.0,19,1,2022-03-02 09:06:49
1646212010006228000,197.0,1,196.5,16,197.0,18,1,2022-03-02 09:06:50
1646212010097123000,196.5,1,196.5,15,197.0,18,2,2022-03-02 09:06:50
1646212010112367000,197.0,1,196.5,15,197.0,17,1,2022-03-02 09:06:50
1646212010234861000,197.0,1,196.5,16,197.0,16,1,2022-03-02 09:06:50
1646212010422808000,197.0,1,196.5,16,197.0,15,1,2022-03-02 09:06:50
1646212010460951000,197.0,1,196.5,16,197.0,14,1,2022-03-02 09:06:50
1646212010545862000,197.0,1,196.5,17,197.0,13,1,2022-03-02 09:06:50
1646212010914960000,197.0,1,196.5,20,197.0,22,1,2022-03-02 09:06:50
1646212011002612000,196.5,1,196.5,26,197.0,22,2,2022-03-02 09:06:51
1646212011207859000,197.0,1,196.5,26,197.0,28,1,2022-03-02 09:06:51
1646212011325090000,197.0,10,196.5,26,197.0,18,1,2022-03-02 09:06:51
1646212011363097000,197.0,1,196.5,26,197.0,17,1,2022-03-02 09:06:51
1646212011423532000,197.0,1,196.5,26,197.0,16,1,2022-03-02 09:06:51
1646212011588612000,197.0,1,196.5,30,197.0,15,1,2022-03-02 09:06:51
1646212011644264000,197.0,1,196.5,31,197.0,14,1,2022-03-02 09:06:51
1646212011709812000,197.0,1,196.5,31,197.0,13,1,2022-03-02 09:06:51
1646212011775916000,196.5,1,196.5,30,197.0,13,2,2022-03-02 09:06:51
1646212011791045000,197.0,1,196.5,30,197.0,12,1,2022-03-02 09:06:51
1646212011822273000,197.0,2,196.5,30,197.0,10,1,2022-03-02 09:06:51
1646212011910419000,196.5,1,196.5,29,197.0,11,2,2022-03-02 09:06:51
1646212011921308000,197.0,1,196.5,29,197.0,10,1,2022-03-02 09:06:51
1646212011962681000,197.0,1,196.5,29,197.0,9,1,2022-03-02 09:06:51
1646212012032726000,197.0,1,196.5,29,197.0,8,1,2022-03-02 09:06:52
1646212012135481000,197.0,1,196.5,30,197.0,7,1,2022-03-02 09:06:52
1646212012365098000,197.0,1,196.5,33,197.0,6,1,2022-03-02 09:06:52
1646212012436447000,197.0,1,196.5,35,197.0,6,1,2022-03-02 09:06:52
1646212012444183000,197.0,2,196.5,35,197.0,4,1,2022-03-02 09:06:52
1646212012834319000,197.0,2,196.5,36,197.0,2,1,2022-03-02 09:06:52
1646212012893123000,197.0,2,196.5,37,197.5,20,1,2022-03-02 09:06:52
1646212013129523000,197.5,1,197.0,1,197.5,19,1,2022-03-02 09:06:53
1646212013393481000,197.5,1,197.0,8,197.5,18,1,2022-03-02 09:06:53
1646212013705690000,197.5,1,197.0,13,197.5,17,1,2022-03-02 09:06:53
1646212014004706000,197.5,1,197.0,14,197.5,16,1,2022-03-02 09:06:54
1646212014203326000,197.0,9,197.0,8,197.5,16,2,2022-03-02 09:06:54
1646212014451792000,197.5,2,197.0,14,197.5,14,1,2022-03-02 09:06:54
1646212014539811000,197.0,1,197.0,14,197.5,14,2,2022-03-02 09:06:54
1646212014590509000,197.5,1,197.0,15,197.5,13,1,2022-03-02 09:06:54
1646212014692245000,197.5,1,197.0,17,197.5,12,1,2022-03-02 09:06:54
1646212014899612000,197.5,1,197.0,20,197.5,11,1,2022-03-02 09:06:54
1646212015053197000,197.5,1,197.0,27,197.5,10,1,2022-03-02 09:06:55
1646212015123693000,197.0,1,197.0,26,197.5,10,2,2022-03-02 09:06:55
1646212015164345000,197.5,1,197.0,26,197.5,9,1,2022-03-02 09:06:55
1646212015465101000,197.5,1,197.0,26,197.5,8,1,2022-03-02 09:06:55
1646212015702025000,197.0,2,197.0,26,197.5,8,2,2022-03-02 09:06:55
1646212015775929000,197.5,5,197.0,26,197.5,3,1,2022-03-02 09:06:55
1646212016252885000,197.5,1,197.0,33,197.5,2,1,2022-03-02 09:06:56
1646212016334683000,197.5,2,197.5,3,198.0,21,1,2022-03-02 09:06:56
1646212016362939000,197.5,3,197.5,1,198.0,21,2,2022-03-02 09:06:56
1646212016396948000,197.5,1,197.0,33,198.0,21,2,2022-03-02 09:06:56
1646212016624519000,198.0,2,197.0,34,198.0,19,1,2022-03-02 09:06:56
1646212016654881000,197.5,1,197.0,34,198.0,19,2,2022-03-02 09:06:56
1646212016778069000,198.0,1,197.5,2,198.0,19,1,2022-03-02 09:06:56
1646212017032881000,198.0,1,197.5,4,198.0,19,1,2022-03-02 09:06:57
1646212017170844000,197.5,1,197.5,4,198.0,19,2,2022-03-02 09:06:57
1646212017278854000,197.5,1,197.5,6,198.0,19,2,2022-03-02 09:06:57
1646212017707902000,197.5,1,197.5,8,198.0,19,2,2022-03-02 09:06:57
1646212017789207000,197.5,4,197.5,9,198.0,19,2,2022-03-02 09:06:57
1646212017845958000,198.0,1,197.5,9,198.0,18,1,2022-03-02 09:06:57
1646212017883138000,197.5,1,197.5,8,198.0,18,2,2022-03-02 09:06:57
1646212018210367000,198.0,3,197.5,17,198.0,15,1,2022-03-02 09:06:58
1646212018375002000,197.5,1,197.5,18,198.0,15,2,2022-03-02 09:06:58
1646212018486538000,198.0,1,197.5,25,198.0,14,1,2022-03-02 09:06:58
1646212018723429000,198.0,1,197.5,29,198.0,13,1,2022-03-02 09:06:58
1646212018892887000,198.0,1,197.5,32,198.0,12,1,2022-03-02 09:06:58
1646212019128928000,198.0,1,197.5,32,198.0,11,1,2022-03-02 09:06:59
1646212019466905000,198.0,1,197.5,32,198.0,12,1,2022-03-02 09:06:59
1646212019611695000,198.0,1,197.5,32,198.0,11,1,2022-03-02 09:06:59
1646212019739263000,198.0,1,197.5,34,198.0,11,1,2022-03-02 09:06:59
1646212019846376000,198.0,2,197.5,34,198.0,9,1,2022-03-02 09:06:59
1646212019925517000,198.0,1,197.5,34,198.0,8,1,2022-03-02 09:06:59
1646212019955096000,197.5,1,197.5,33,198.0,8,2,2022-03-02 09:06:59
1646212020159409000,198.0,5,197.5,33,198.0,3,1,2022-03-02 09:07:00
1646212020380923000,197.5,1,197.5,33,198.0,3,2,2022-03-02 09:07:00
1646212020390156000,198.0,1,197.5,33,198.0,2,1,2022-03-02 09:07:00
1646212020422337000,197.5,1,197.5,33,198.0,3,2,2022-03-02 09:07:00
1646212020740998000,198.0,1,197.5,34,198.0,2,1,2022-03-02 09:07:00
1646212020859039000,198.0,2,198.0,3,198.5,23,1,2022-03-02 09:07:00
1646212020928120000,198.0,1,198.0,2,198.5,23,2,2022-03-02 09:07:00
1646212021035239000,198.0,1,198.0,7,198.5,23,2,2022-03-02 09:07:01
1646212021188693000,198.0,2,198.0,5,198.5,23,2,2022-03-02 09:07:01
1646212021412572000,198.0,1,198.0,6,198.5,23,2,2022-03-02 09:07:01
1646212021473137000,198.0,1,198.0,5,198.5,23,2,2022-03-02 09:07:01
1646212021679148000,198.5,1,198.0,19,198.5,22,1,2022-03-02 09:07:01
1646212021718162000,198.0,2,198.0,18,198.5,22,2,2022-03-02 09:07:01
1646212022205439000,198.5,1,198.0,23,198.5,21,1,2022-03-02 09:07:02
1646212022346678000,198.5,1,198.0,23,198.5,21,1,2022-03-02 09:07:02
1646212022429643000,198.5,1,198.0,24,198.5,20,1,2022-03-02 09:07:02
1646212022441025000,198.5,1,198.0,24,198.5,19,1,2022-03-02 09:07:02
1646212022718175000,198.5,1,198.0,27,198.5,19,1,2022-03-02 09:07:02
1646212022737249000,198.5,1,198.0,27,198.5,18,1,2022-03-02 09:07:02
1646212024060388000,198.5,2,198.0,39,198.5,17,1,2022-03-02 09:07:04
1646212024225841000,198.0,1,198.0,38,198.5,17,2,2022-03-02 09:07:04
1646212025036625000,198.5,1,198.0,41,198.5,16,1,2022-03-02 09:07:05
1646212025171683000,198.5,1,198.0,42,198.5,15,1,2022-03-02 09:07:05
1646212025236595000,198.0,1,198.0,41,198.5,15,2,2022-03-02 09:07:05
1646212025591073000,198.5,2,198.0,45,198.5,13,1,2022-03-02 09:07:05
1646212025714475000,198.0,2,198.0,44,198.5,13,2,2022-03-02 09:07:05
1646212025795488000,198.5,1,198.0,44,198.5,12,1,2022-03-02 09:07:05
1646212026795974000,198.5,1,198.0,47,198.5,16,1,2022-03-02 09:07:06
1646212026921402000,198.5,1,198.0,47,198.5,15,1,2022-03-02 09:07:06
1646212026962951000,198.5,5,198.0,47,198.5,10,1,2022-03-02 09:07:06
1646212027031756000,198.5,1,198.0,47,198.5,9,1,2022-03-02 09:07:07
1646212027128029000,198.5,1,198.0,48,198.5,8,1,2022-03-02 09:07:07
1646212027144057000,198.5,1,198.0,48,198.5,7,1,2022-03-02 09:07:07
1646212027347886000,198.5,1,198.0,50,198.5,6,1,2022-03-02 09:07:07
1646212027352337000,198.5,1,198.0,50,198.5,5,1,2022-03-02 09:07:07
1646212027386229000,198.5,1,198.0,50,198.5,4,1,2022-03-02 09:07:07
1646212027481503000,198.5,1,198.0,50,198.5,3,1,2022-03-02 09:07:07
1646212027625390000,198.5,1,198.0,51,198.5,2,1,2022-03-02 09:07:07
1646212028171258000,198.5,2,198.5,1,199.0,23,1,2022-03-02 09:07:08
1646212028203259000,198.5,1,198.0,56,199.0,23,2,2022-03-02 09:07:08
1646212028353854000,199.0,1,198.0,57,199.0,22,1,2022-03-02 09:07:08
1646212028435886000,198.5,1,198.5,1,199.0,22,2,2022-03-02 09:07:08
1646212028469529000,198.5,1,198.0,59,199.0,22,2,2022-03-02 09:07:08
1646212028502044000,199.0,1,198.0,59,199.0,21,1,2022-03-02 09:07:08
1646212028682101000,198.5,1,198.0,59,198.5,9,1,2022-03-02 09:07:08
1646212028697188000,198.5,1,198.0,59,198.5,8,1,2022-03-02 09:07:08
1646212028702655000,198.5,1,198.0,59,198.5,7,1,2022-03-02 09:07:08
1646212028721011000,198.0,2,198.0,57,198.5,7,2,2022-03-02 09:07:08
1646212028725639000,198.5,1,198.0,57,198.5,6,1,2022-03-02 09:07:08
1646212028856510000,198.5,1,198.0,56,198.5,6,1,2022-03-02 09:07:08
1646212029052605000,198.5,1,198.0,56,198.5,6,1,2022-03-02 09:07:09
1646212029147729000,198.5,1,198.0,57,198.5,5,1,2022-03-02 09:07:09
1646212029264417000,198.5,1,198.0,57,198.5,4,1,2022-03-02 09:07:09
1646212029279530000,198.5,1,198.0,57,198.5,3,1,2022-03-02 09:07:09
1646212029366815000,198.5,1,198.0,57,198.5,3,1,2022-03-02 09:07:09
1646212029443586000,198.5,3,198.5,2,199.0,21,1,2022-03-02 09:07:09
1646212029450306000,199.0,1,198.5,2,199.0,20,1,2022-03-02 09:07:09
1646212029451405000,198.5,1,198.5,1,199.0,20,2,2022-03-02 09:07:09
1646212029464441000,198.5,1,198.0,58,199.0,20,2,2022-03-02 09:07:09
1646212029497972000,198.5,1,198.0,59,199.0,20,1,2022-03-02 09:07:09
1646212029689469000,198.5,2,198.0,61,199.0,18,2,2022-03-02 09:07:09
1646212030595627000,198.5,1,198.0,68,198.5,23,1,2022-03-02 09:07:10
1646212030650792000,198.5,1,198.0,70,198.5,22,1,2022-03-02 09:07:10
1646212030677172000,198.0,2,198.0,68,198.5,22,2,2022-03-02 09:07:10
1646212030810515000,198.0,7,198.0,61,198.5,22,2,2022-03-02 09:07:10
1646212030846557000,198.0,18,198.0,43,198.5,22,2,2022-03-02 09:07:10
1646212030849001000,198.0,1,198.0,42,198.5,22,2,2022-03-02 09:07:10
1646212030849738000,198.0,1,198.0,41,198.5,22,2,2022-03-02 09:07:10
1646212030875794000,198.0,7,198.0,35,198.5,22,2,2022-03-02 09:07:10
1646212030877252000,198.0,17,198.0,18,198.5,22,2,2022-03-02 09:07:10
1646212030877296000,198.0,17,198.0,1,198.5,22,2,2022-03-02 09:07:10
1646212030878229000,198.0,1,197.5,57,198.5,22,2,2022-03-02 09:07:10
1646212030985350000,198.0,1,197.5,56,198.5,22,1,2022-03-02 09:07:10
1646212031009858000,198.0,1,197.5,56,198.5,22,2,2022-03-02 09:07:11
1646212031164707000,198.5,2,198.0,10,198.5,20,1,2022-03-02 09:07:11
1646212031240548000,198.5,1,198.0,11,198.5,19,1,2022-03-02 09:07:11
1646212031374623000,198.0,12,197.5,55,198.0,32,2,2022-03-02 09:07:11
1646212031408699000,198.0,1,197.5,55,198.0,32,1,2022-03-02 09:07:11
1646212031430330000,198.0,1,197.5,55,198.0,31,1,2022-03-02 09:07:11
1646212031557141000,198.0,2,197.5,55,198.0,30,1,2022-03-02 09:07:11
1646212031673632000,198.0,1,197.5,55,198.0,31,1,2022-03-02 09:07:11
1646212031754505000,198.0,1,197.5,55,198.0,30,1,2022-03-02 09:07:11
1646212031922121000,198.0,1,197.5,55,198.0,29,1,2022-03-02 09:07:11
1646212031941736000,198.0,2,197.5,55,198.0,27,1,2022-03-02 09:07:11
1646212032138987000,198.0,3,197.5,52,198.0,24,1,2022-03-02 09:07:12
1646212032154011000,198.0,1,197.5,52,198.0,23,1,2022-03-02 09:07:12
1646212032185972000,198.0,1,197.5,52,198.0,22,1,2022-03-02 09:07:12
1646212032290970000,198.0,1,197.5,52,198.0,31,1,2022-03-02 09:07:12
1646212032309405000,198.0,1,197.5,52,198.0,30,1,2022-03-02 09:07:12
1646212032388457000,198.0,1,197.5,52,198.0,29,1,2022-03-02 09:07:12
1646212032469156000,197.5,5,197.5,47,198.0,31,2,2022-03-02 09:07:12
1646212032507218000,198.0,1,197.5,47,198.0,30,1,2022-03-02 09:07:12
1646212032569209000,198.0,1,197.5,47,198.0,29,1,2022-03-02 09:07:12
1646212032609310000,198.0,1,197.5,47,198.0,28,1,2022-03-02 09:07:12
1646212032617514000,198.0,1,197.5,47,198.0,27,1,2022-03-02 09:07:12
1646212032645351000,198.0,1,197.5,47,198.0,26,1,2022-03-02 09:07:12
1646212032749679000,198.0,1,197.5,52,198.0,25,1,2022-03-02 09:07:12
1646212032794404000,198.0,1,197.5,52,198.0,24,1,2022-03-02 09:07:12
1646212032962860000,197.5,2,197.5,50,198.0,19,2,2022-03-02 09:07:12
1646212032978605000,198.0,1,197.5,50,198.0,18,1,2022-03-02 09:07:12
1646212033115695000,198.0,1,197.5,50,198.0,17,1,2022-03-02 09:07:13
1646212033117232000,198.0,1,197.5,50,198.0,16,1,2022-03-02 09:07:13
1646212033124911000,198.0,2,197.5,48,198.0,14,1,2022-03-02 09:07:13
1646212033152723000,198.0,1,197.5,48,198.0,13,1,2022-03-02 09:07:13
1646212033238271000,198.0,1,197.5,48,198.0,14,1,2022-03-02 09:07:13
1646212033705875000,198.0,1,197.5,44,198.0,17,1,2022-03-02 09:07:13
1646212033751224000,198.0,1,197.5,44,198.0,16,1,2022-03-02 09:07:13
1646212033863027000,198.0,3,197.5,44,198.0,13,1,2022-03-02 09:07:13
1646212033911279000,198.0,1,197.5,44,198.0,12,1,2022-03-02 09:07:13
1646212033917478000,197.5,2,197.5,42,198.0,12,2,2022-03-02 09:07:13
1646212033994029000,198.0,1,197.5,42,198.0,11,1,2022-03-02 09:07:13
1646212034242789000,198.0,1,197.5,42,198.0,10,1,2022-03-02 09:07:14
1646212034246046000,198.0,1,197.5,42,198.0,9,1,2022-03-02 09:07:14
1646212034327870000,198.0,1,197.5,41,198.0,8,1,2022-03-02 09:07:14
1646212034509555000,197.5,1,197.5,40,198.0,6,2,2022-03-02 09:07:14
1646212034881466000,198.0,1,197.5,40,198.0,6,1,2022-03-02 09:07:14
1646212034904966000,197.5,1,197.5,39,198.0,6,2,2022-03-02 09:07:14
1646212034927073000,198.0,1,197.5,39,198.0,5,1,2022-03-02 09:07:14
1646212035188761000,197.5,1,197.5,39,198.0,5,2,2022-03-02 09:07:15
1646212035224363000,197.5,1,197.5,38,198.0,6,2,2022-03-02 09:07:15
1646212035494812000,198.0,1,197.5,39,198.0,4,1,2022-03-02 09:07:15
1646212035761410000,198.0,1,197.5,39,198.0,4,1,2022-03-02 09:07:15
1646212036051166000,198.0,1,197.5,39,198.0,3,1,2022-03-02 09:07:16
1646212036308702000,197.5,3,197.5,36,198.0,6,2,2022-03-02 09:07:16
1646212036343383000,197.5,1,197.5,35,198.0,6,2,2022-03-02 09:07:16
1646212036491834000,198.0,1,197.5,35,198.0,5,1,2022-03-02 09:07:16
1646212036546956000,198.0,1,197.5,35,198.0,4,1,2022-03-02 09:07:16
1646212036964019000,198.0,2,197.5,37,198.0,3,1,2022-03-02 09:07:16
1646212037283742000,198.0,1,197.5,38,198.0,8,1,2022-03-02 09:07:17
1646212037359694000,198.0,1,197.5,38,198.0,8,1,2022-03-02 09:07:17
1646212037427753000,198.0,2,197.5,38,198.0,8,1,2022-03-02 09:07:17
1646212037643062000,197.5,1,197.5,38,198.0,8,2,2022-03-02 09:07:17
1646212038186212000,198.0,1,197.5,39,198.0,7,1,2022-03-02 09:07:18
1646212038740441000,197.5,2,197.5,37,198.0,19,2,2022-03-02 09:07:18
1646212038775922000,198.0,1,197.5,37,198.0,18,1,2022-03-02 09:07:18
1646212038806525000,198.0,1,197.5,37,198.0,17,1,2022-03-02 09:07:18
1646212038907770000,198.0,1,197.5,37,198.0,16,1,2022-03-02 09:07:18
1646212039140440000,198.0,1,197.5,37,198.0,15,1,2022-03-02 09:07:19
1646212039354832000,198.0,1,197.5,37,198.0,15,1,2022-03-02 09:07:19
1646212039358878000,198.0,1,197.5,37,198.0,14,1,2022-03-02 09:07:19
1646212039399512000,198.0,1,197.5,37,198.0,14,1,2022-03-02 09:07:19
1646212039920726000,198.0,1,197.5,38,198.0,14,1,2022-03-02 09:07:19
1646212040030876000,198.0,1,197.5,39,198.0,13,1,2022-03-02 09:07:20
1646212040294863000,198.0,2,197.5,39,198.0,11,1,2022-03-02 09:07:20
1646212040302040000,197.5,1,197.5,38,198.0,11,2,2022-03-02 09:07:20
1646212040439523000,198.0,1,197.5,38,198.0,10,1,2022-03-02 09:07:20
1646212040812185000,198.0,1,197.5,38,198.0,9,1,2022-03-02 09:07:20
1646212040916552000,198.0,1,197.5,38,198.0,13,1,2022-03-02 09:07:20
1646212040999623000,198.0,10,197.5,38,198.0,4,1,2022-03-02 09:07:20
1646212041043745000,198.0,1,197.5,38,198.0,3,1,2022-03-02 09:07:21
1646212041165882000,197.5,1,197.5,37,198.0,3,2,2022-03-02 09:07:21
1646212041224352000,198.0,2,197.5,37,198.0,1,1,2022-03-02 09:07:21
1646212041514152000,198.0,1,197.5,39,198.5,44,1,2022-03-02 09:07:21
1646212041697607000,198.5,1,198.0,3,198.5,43,1,2022-03-02 09:07:21
1646212041797995000,198.0,1,198.0,2,198.5,43,2,2022-03-02 09:07:21
1646212042186914000,198.0,1,198.0,4,198.5,43,2,2022-03-02 09:07:22
1646212042225184000,198.0,4,198.0,5,198.5,43,2,2022-03-02 09:07:22
1646212043198780000,198.0,1,198.0,9,198.5,33,2,2022-03-02 09:07:23
1646212043362963000,198.0,1,198.0,9,198.5,33,2,2022-03-02 09:07:23
1646212043534428000,198.0,1,198.0,8,198.5,33,2,2022-03-02 09:07:23
1646212043540431000,198.0,1,198.0,7,198.5,33,2,2022-03-02 09:07:23
1646212043562982000,198.0,2,198.0,5,198.5,33,2,2022-03-02 09:07:23
1646212043594853000,198.0,5,197.5,45,198.5,33,2,2022-03-02 09:07:23
1646212043945234000,198.0,1,197.5,46,198.5,31,2,2022-03-02 09:07:23
1646212044567489000,197.5,1,197.5,47,198.0,14,2,2022-03-02 09:07:24
1646212044575171000,197.5,1,197.5,46,198.0,14,2,2022-03-02 09:07:24
1646212044587996000,197.5,1,197.5,45,198.0,14,2,2022-03-02 09:07:24
1646212044648859000,197.5,1,197.5,44,198.0,14,2,2022-03-02 09:07:24
1646212045072887000,198.0,1,197.5,45,198.0,16,1,2022-03-02 09:07:25
1646212045756632000,197.5,11,197.5,35,198.0,29,2,2022-03-02 09:07:25
1646212045787683000,197.5,35,197.0,41,198.0,30,2,2022-03-02 09:07:25
1646212045936538000,197.5,1,197.0,41,197.5,3,1,2022-03-02 09:07:25
1646212046297176000,197.5,1,197.0,42,197.5,2,1,2022-03-02 09:07:26
1646212046572894000,197.5,1,197.0,42,197.5,1,1,2022-03-02 09:07:26
1646212046875603000,197.5,1,197.0,42,198.0,30,1,2022-03-02 09:07:26
1646212046977733000,197.0,1,197.0,41,198.0,33,2,2022-03-02 09:07:26
1646212047190741000,197.0,1,197.0,41,198.0,38,2,2022-03-02 09:07:27
1646212047463050000,197.0,1,197.0,40,197.5,2,2,2022-03-02 09:07:27
1646212047619419000,197.5,1,197.0,40,197.5,2,1,2022-03-02 09:07:27
1646212047680939000,197.0,1,197.0,39,197.5,2,2,2022-03-02 09:07:27
1646212047754189000,197.0,1,197.0,38,197.5,2,2,2022-03-02 09:07:27
1646212047786397000,197.0,1,197.0,37,197.5,3,2,2022-03-02 09:07:27
1646212047786486000,197.0,1,197.0,36,197.5,3,2,2022-03-02 09:07:27
1646212047851921000,197.5,1,197.0,36,197.5,2,1,2022-03-02 09:07:27
1646212048291533000,197.0,5,197.0,35,197.5,2,2,2022-03-02 09:07:28
1646212048307386000,197.5,1,197.0,35,197.5,1,1,2022-03-02 09:07:28
1646212048410802000,197.0,5,197.0,30,197.5,1,2,2022-03-02 09:07:28
1646212048446063000,197.0,1,197.0,29,197.5,1,2,2022-03-02 09:07:28
1646212048690578000,197.0,5,197.0,24,197.5,2,2,2022-03-02 09:07:28
1646212049266763000,197.0,1,197.0,23,197.5,3,2,2022-03-02 09:07:29
1646212049293859000,197.0,5,197.0,18,197.5,3,2,2022-03-02 09:07:29
1646212049317333000,197.0,18,196.5,39,197.5,3,2,2022-03-02 09:07:29
1646212049532226000,197.0,3,196.5,39,197.5,2,1,2022-03-02 09:07:29
1646212049532226000,197.5,2,196.5,39,197.5,2,1,2022-03-02 09:07:29
1646212049541306000,197.5,1,196.5,39,197.5,1,1,2022-03-02 09:07:29
1646212049775692000,196.5,1,196.5,38,197.5,1,2,2022-03-02 09:07:29
1646212050067533000,196.5,13,196.5,25,197.0,6,2,2022-03-02 09:07:30
1646212050095162000,196.5,1,196.5,24,197.0,8,2,2022-03-02 09:07:30
1646212050325446000,196.5,9,196.5,15,197.0,8,2,2022-03-02 09:07:30
1646212050990927000,197.0,1,196.5,15,197.0,7,1,2022-03-02 09:07:30
1646212051007233000,196.5,15,196.0,43,197.0,7,2,2022-03-02 09:07:31
1646212051108740000,196.0,1,196.0,42,196.5,1,2,2022-03-02 09:07:31
1646212051146129000,196.5,1,196.0,42,197.0,7,1,2022-03-02 09:07:31
1646212051710111000,197.0,1,196.0,42,197.0,8,1,2022-03-02 09:07:31
1646212052165960000,196.0,4,196.0,38,196.5,5,2,2022-03-02 09:07:32
1646212052223004000,196.5,1,196.0,38,196.5,4,1,2022-03-02 09:07:32
1646212052261713000,196.5,4,196.0,38,197.0,7,1,2022-03-02 09:07:32
1646212052261713000,197.0,1,196.0,38,197.0,7,1,2022-03-02 09:07:32
1646212052396751000,197.0,1,196.0,38,197.0,6,1,2022-03-02 09:07:32
1646212052800276000,197.0,1,196.0,38,197.0,5,1,2022-03-02 09:07:32
1646212053123876000,196.5,1,196.5,1,197.0,5,2,2022-03-02 09:07:33
1646212053138676000,197.0,1,196.5,1,197.0,4,1,2022-03-02 09:07:33
1646212053221132000,196.5,2,196.0,38,197.0,4,2,2022-03-02 09:07:33
1646212053471315000,196.0,1,196.0,34,197.0,5,2,2022-03-02 09:07:33
1646212055408765000,197.0,1,196.5,14,197.0,20,1,2022-03-02 09:07:35
1646212055571524000,197.0,5,196.5,14,197.0,16,1,2022-03-02 09:07:35
1646212055825443000,197.0,1,196.5,14,197.0,15,1,2022-03-02 09:07:35
1646212056209764000,196.5,1,196.5,13,197.0,15,2,2022-03-02 09:07:36
1646212056292691000,197.0,1,196.5,13,197.0,15,1,2022-03-02 09:07:36
1646212056365202000,196.5,1,196.5,12,197.0,15,2,2022-03-02 09:07:36
1646212056466834000,196.5,1,196.5,11,197.0,15,2,2022-03-02 09:07:36
1646212056593347000,197.0,2,196.5,11,197.0,13,1,2022-03-02 09:07:36
1646212056662686000,196.5,1,196.5,10,197.0,13,2,2022-03-02 09:07:36
1646212056700695000,197.0,1,196.5,11,197.0,12,1,2022-03-02 09:07:36
1646212056777740000,196.5,1,196.5,10,197.0,12,2,2022-03-02 09:07:36
1646212057045207000,196.5,1,196.5,9,197.0,12,2,2022-03-02 09:07:37
1646212057390190000,197.0,1,196.5,10,197.0,11,1,2022-03-02 09:07:37
1646212057629152000,196.5,1,196.5,14,197.0,12,2,2022-03-02 09:07:37
1646212058210238000,197.0,1,196.5,14,197.0,11,1,2022-03-02 09:07:38
1646212058586648000,196.5,4,196.5,10,197.0,16,2,2022-03-02 09:07:38
1646212058637421000,196.5,1,196.5,9,197.0,16,2,2022-03-02 09:07:38
1646212058770548000,197.0,1,196.5,9,197.0,15,1,2022-03-02 09:07:38
1646212059080133000,197.0,2,196.5,9,197.0,13,1,2022-03-02 09:07:39
1646212059226814000,197.0,1,196.5,9,197.0,12,1,2022-03-02 09:07:39
1646212059280833000,196.5,1,196.5,8,197.0,12,2,2022-03-02 09:07:39
1646212059507306000,197.0,1,196.5,8,197.0,11,1,2022-03-02 09:07:39
1646212059703555000,196.5,2,196.5,6,197.0,12,2,2022-03-02 09:07:39
1646212060099463000,196.5,3,196.5,4,197.0,14,2,2022-03-02 09:07:40
1646212060298510000,196.5,1,196.5,4,197.0,15,2,2022-03-02 09:07:40
1646212060623421000,197.0,1,196.5,4,197.0,15,1,2022-03-02 09:07:40
1646212061189351000,196.5,1,196.5,3,197.0,15,2,2022-03-02 09:07:41
1646212061209263000,197.0,1,196.5,3,197.0,14,1,2022-03-02 09:07:41
1646212061505507000,196.5,1,196.5,3,197.0,14,2,2022-03-02 09:07:41
1646212061696187000,197.0,10,196.5,4,197.0,5,1,2022-03-02 09:07:41
1646212061950152000,197.0,3,196.5,5,197.0,2,1,2022-03-02 09:07:41
1646212062232766000,196.5,1,196.5,4,197.0,2,2,2022-03-02 09:07:42
1646212062247678000,197.0,1,196.5,4,197.0,1,1,2022-03-02 09:07:42
1646212062956630000,197.0,1,196.5,7,197.0,3,1,2022-03-02 09:07:42
1646212063222443000,197.0,1,196.5,9,197.0,3,1,2022-03-02 09:07:43
1646212063361505000,197.0,2,196.5,9,197.0,1,1,2022-03-02 09:07:43
1646212063396283000,197.0,1,196.5,10,197.5,20,1,2022-03-02 09:07:43
1646212063561536000,197.0,1,196.5,13,197.5,20,1,2022-03-02 09:07:43
1646212063621688000,197.0,1,196.5,14,197.5,20,1,2022-03-02 09:07:43
1646212063880248000,197.0,1,197.0,1,197.5,20,2,2022-03-02 09:07:43
1646212065778360000,197.0,1,197.0,7,197.5,19,2,2022-03-02 09:07:45
1646212066806474000,197.5,10,197.0,9,197.5,8,1,2022-03-02 09:07:46
1646212066831404000,197.5,8,197.0,9,198.0,39,1,2022-03-02 09:07:46
1646212067059406000,198.0,2,197.0,10,198.0,36,1,2022-03-02 09:07:47
1646212067146181000,197.0,5,197.0,9,198.0,36,2,2022-03-02 09:07:47
1646212068188476000,197.5,1,197.5,8,198.0,38,2,2022-03-02 09:07:48
1646212069889203000,197.5,5,197.5,3,198.0,37,2,2022-03-02 09:07:49
1646212070079020000,198.0,2,197.5,3,198.0,35,1,2022-03-02 09:07:50
1646212070129380000,197.5,1,197.5,2,198.0,35,2,2022-03-02 09:07:50
1646212070882429000,198.0,1,197.5,5,198.0,34,1,2022-03-02 09:07:50
1646212070918152000,197.5,5,197.5,1,198.0,34,2,2022-03-02 09:07:50
1646212071136758000,198.0,1,197.5,1,198.0,33,1,2022-03-02 09:07:51
1646212071354765000,197.5,1,197.0,35,198.0,33,2,2022-03-02 09:07:51
1646212071592896000,198.0,1,197.0,36,198.0,32,1,2022-03-02 09:07:51
1646212072736146000,198.0,2,197.5,7,198.0,32,1,2022-03-02 09:07:52
1646212073047794000,198.0,15,197.5,7,198.0,16,1,2022-03-02 09:07:53
1646212073062675000,198.0,2,197.5,7,198.0,14,1,2022-03-02 09:07:53
1646212073073386000,198.0,14,197.5,7,198.5,20,1,2022-03-02 09:07:53
1646212073331744000,198.5,1,198.0,11,198.5,19,1,2022-03-02 09:07:53
1646212073582778000,198.0,1,198.0,10,198.5,19,2,2022-03-02 09:07:53
1646212073815854000,198.5,2,198.0,10,198.5,17,1,2022-03-02 09:07:53
1646212074023104000,198.5,2,198.0,10,198.5,15,1,2022-03-02 09:07:54
1646212074371335000,198.0,1,198.0,10,198.5,16,2,2022-03-02 09:07:54
1646212074893197000,198.0,3,198.0,9,198.5,16,2,2022-03-02 09:07:54
1646212075905596000,198.0,1,198.0,18,198.5,16,2,2022-03-02 09:07:55
1646212076283664000,198.5,1,198.0,18,198.5,15,1,2022-03-02 09:07:56
1646212076698397000,198.5,2,198.0,22,198.5,13,1,2022-03-02 09:07:56
1646212077378975000,198.5,1,198.0,25,198.5,12,1,2022-03-02 09:07:57
1646212077416188000,198.5,1,198.0,25,198.5,11,1,2022-03-02 09:07:57
1646212077556949000,198.5,1,198.0,25,198.5,10,1,2022-03-02 09:07:57
1646212077566277000,198.5,1,198.0,25,198.5,9,1,2022-03-02 09:07:57
1646212077593090000,198.5,6,198.0,25,198.5,3,1,2022-03-02 09:07:57
1646212077695074000,198.5,3,198.0,25,199.0,47,1,2022-03-02 09:07:57
1646212080209744000,198.5,1,198.5,16,199.0,49,2,2022-03-02 09:08:00
1646212080417662000,198.5,1,198.5,15,199.0,49,2,2022-03-02 09:08:00
1646212081362385000,199.0,5,198.5,25,199.0,44,1,2022-03-02 09:08:01
1646212082093141000,199.0,1,198.5,23,199.0,44,1,2022-03-02 09:08:02
1646212082848655000,199.0,1,198.5,26,199.0,43,1,2022-03-02 09:08:02
1646212083139131000,199.0,1,198.5,27,199.0,42,1,2022-03-02 09:08:03
1646212083550112000,199.0,1,198.5,27,199.0,42,1,2022-03-02 09:08:03
1646212083786498000,199.0,1,198.5,27,199.0,42,1,2022-03-02 09:08:03
1646212083898436000,199.0,1,198.5,27,199.0,41,1,2022-03-02 09:08:03
1646212083944603000,199.0,1,198.5,27,199.0,40,1,2022-03-02 09:08:03
1646212083979582000,199.0,4,198.5,27,199.0,36,1,2022-03-02 09:08:03
1646212084304553000,199.0,1,198.5,28,199.0,35,1,2022-03-02 09:08:04
1646212084317488000,199.0,1,198.5,28,199.0,34,1,2022-03-02 09:08:04
1646212084726232000,199.0,10,198.5,27,199.0,24,1,2022-03-02 09:08:04
1646212084774397000,199.0,1,198.5,28,199.0,23,1,2022-03-02 09:08:04
1646212084795257000,199.0,1,198.5,28,199.0,22,1,2022-03-02 09:08:04
1646212084928082000,199.0,2,198.5,28,199.0,20,1,2022-03-02 09:08:04
1646212084965824000,199.0,1,198.5,28,199.0,19,1,2022-03-02 09:08:04
1646212085300378000,199.0,2,198.5,28,199.0,8,1,2022-03-02 09:08:05
1646212085333877000,199.0,4,198.5,28,199.0,4,1,2022-03-02 09:08:05
1646212085491182000,199.0,1,198.5,29,199.0,3,1,2022-03-02 09:08:05
1646212085528597000,199.0,3,198.5,29,199.0,1,1,2022-03-02 09:08:05
1646212085781888000,199.0,1,198.5,30,199.5,56,1,2022-03-02 09:08:05
1646212085904948000,199.0,1,198.5,30,199.5,55,2,2022-03-02 09:08:05
1646212085963550000,199.0,1,198.5,30,199.5,55,2,2022-03-02 09:08:05
1646212085995081000,199.5,1,198.5,31,199.5,54,1,2022-03-02 09:08:05
1646212086271797000,199.0,2,199.0,4,199.5,54,2,2022-03-02 09:08:06
1646212086274421000,199.5,1,199.0,4,199.5,53,1,2022-03-02 09:08:06
1646212086301876000,199.0,2,199.0,2,199.5,53,2,2022-03-02 09:08:06
1646212086362608000,199.0,1,199.0,3,199.5,53,2,2022-03-02 09:08:06
1646212086393486000,199.5,1,199.0,3,199.5,52,1,2022-03-02 09:08:06
1646212086628312000,199.5,1,199.0,5,199.5,51,1,2022-03-02 09:08:06
1646212086846488000,199.5,1,199.0,10,199.5,50,1,2022-03-02 09:08:06
1646212087438850000,199.5,1,199.0,30,199.5,49,1,2022-03-02 09:08:07
1646212087460807000,199.0,5,199.0,26,199.5,49,2,2022-03-02 09:08:07
1646212087602721000,199.5,1,199.0,26,199.5,48,1,2022-03-02 09:08:07
1646212088034774000,199.5,1,199.0,42,199.5,47,1,2022-03-02 09:08:08
1646212088218974000,199.5,1,199.0,44,199.5,46,1,2022-03-02 09:08:08
1646212088618703000,199.5,1,199.0,45,199.5,45,1,2022-03-02 09:08:08
1646212088851470000,199.5,1,199.0,51,199.5,44,1,2022-03-02 09:08:08
1646212089020651000,199.5,1,199.0,53,199.5,43,1,2022-03-02 09:08:09
1646212089052038000,199.0,1,199.0,52,199.5,43,2,2022-03-02 09:08:09
1646212089572886000,199.0,1,199.0,52,199.5,43,2,2022-03-02 09:08:09
1646212089833236000,199.5,1,199.0,52,199.5,42,1,2022-03-02 09:08:09
1646212089869154000,199.5,1,199.0,54,199.5,41,1,2022-03-02 09:08:09
1646212089887499000,199.0,1,199.0,53,199.5,41,2,2022-03-02 09:08:09
1646212089920333000,199.0,1,199.0,52,199.5,42,2,2022-03-02 09:08:09
1646212090593536000,199.5,4,199.0,56,199.5,39,1,2022-03-02 09:08:10
1646212090822381000,199.5,1,199.0,58,199.5,38,1,2022-03-02 09:08:10
1646212090835504000,199.5,1,199.0,58,199.5,38,1,2022-03-02 09:08:10
1646212091046646000,199.5,1,199.0,60,199.5,37,1,2022-03-02 09:08:11
1646212091071223000,199.5,1,199.0,60,199.5,36,1,2022-03-02 09:08:11
1646212091352184000,199.5,5,199.0,60,199.5,31,1,2022-03-02 09:08:11
1646212091770343000,199.5,3,199.0,64,199.5,28,1,2022-03-02 09:08:11
1646212091838770000,199.5,1,199.0,64,199.5,27,1,2022-03-02 09:08:11
1646212092162814000,199.5,1,199.0,65,199.5,26,1,2022-03-02 09:08:12
1646212092486484000,199.0,4,199.0,61,199.5,26,2,2022-03-02 09:08:12
1646212092489644000,199.5,1,199.0,61,199.5,25,1,2022-03-02 09:08:12
1646212092516330000,199.0,1,199.0,60,199.5,25,2,2022-03-02 09:08:12
1646212092604296000,199.5,1,199.0,60,199.5,24,1,2022-03-02 09:08:12
1646212092781412000,199.5,1,199.0,60,199.5,23,1,2022-03-02 09:08:12
1646212092912740000,199.5,1,199.0,60,199.5,22,1,2022-03-02 09:08:12
1646212093139371000,199.5,1,199.0,61,199.5,21,1,2022-03-02 09:08:13
1646212093158926000,199.5,1,199.0,61,199.5,20,1,2022-03-02 09:08:13
1646212093177615000,199.5,1,199.0,61,199.5,19,1,2022-03-02 09:08:13
1646212093226718000,199.5,1,199.0,61,199.5,18,1,2022-03-02 09:08:13
1646212093322403000,199.5,1,199.0,62,199.5,17,1,2022-03-02 09:08:13
1646212093426319000,199.5,2,199.0,62,199.5,15,1,2022-03-02 09:08:13
1646212093502653000,199.5,1,199.0,63,199.5,14,1,2022-03-02 09:08:13
1646212093568131000,199.5,1,199.0,63,199.5,13,1,2022-03-02 09:08:13
1646212093620694000,199.5,5,199.0,63,199.5,8,1,2022-03-02 09:08:13
1646212093632335000,199.5,1,199.0,64,199.5,7,1,2022-03-02 09:08:13
1646212093690757000,199.5,1,199.0,64,199.5,7,1,2022-03-02 09:08:13
1646212093818559000,199.5,1,199.0,64,199.5,6,1,2022-03-02 09:08:13
1646212093919891000,199.5,1,199.0,64,199.5,5,1,2022-03-02 09:08:13
1646212093922325000,199.5,1,199.0,64,199.5,4,1,2022-03-02 09:08:13
1646212093924535000,199.5,1,199.0,64,199.5,3,1,2022-03-02 09:08:13
1646212094041888000,199.5,1,199.0,65,199.5,2,1,2022-03-02 09:08:14
1646212094070294000,199.5,2,199.5,7,200.0,74,1,2022-03-02 09:08:14
1646212094641228000,200.0,1,199.5,13,200.0,63,1,2022-03-02 09:08:14
1646212095152136000,199.5,1,199.5,17,200.0,63,2,2022-03-02 09:08:15
1646212095213722000,199.5,1,199.5,17,200.0,63,2,2022-03-02 09:08:15
1646212095852773000,200.0,1,199.5,27,200.0,63,1,2022-03-02 09:08:15
1646212096087383000,199.5,1,199.5,30,200.0,63,2,2022-03-02 09:08:16
1646212096110834000,199.5,20,199.5,10,200.0,63,2,2022-03-02 09:08:16
1646212096202718000,200.0,2,199.5,10,200.0,61,1,2022-03-02 09:08:16
1646212096813953000,200.0,2,199.5,19,200.0,55,1,2022-03-02 09:08:16
1646212097235299000,200.0,1,199.5,19,200.0,54,1,2022-03-02 09:08:17
1646212097399750000,199.5,1,199.5,19,200.0,54,2,2022-03-02 09:08:17
1646212097765401000,200.0,1,199.5,21,200.0,53,1,2022-03-02 09:08:17
1646212097965264000,200.0,1,199.5,23,200.0,51,1,2022-03-02 09:08:17
1646212098072911000,199.5,2,199.5,21,200.0,51,2,2022-03-02 09:08:18
1646212098359139000,200.0,1,199.5,21,200.0,59,1,2022-03-02 09:08:18
1646212098474876000,199.5,1,199.5,21,200.0,59,2,2022-03-02 09:08:18
1646212099502900000,199.5,1,199.5,28,200.0,59,2,2022-03-02 09:08:19
1646212099617898000,200.0,1,199.5,29,200.0,58,1,2022-03-02 09:08:19
1646212100174710000,200.0,1,199.5,34,200.0,57,1,2022-03-02 09:08:20
1646212100302450000,199.5,1,199.5,33,200.0,57,2,2022-03-02 09:08:20
1646212100602316000,200.0,1,199.5,34,200.0,67,1,2022-03-02 09:08:20
1646212100664623000,199.5,1,199.5,33,200.0,67,2,2022-03-02 09:08:20
1646212100722339000,199.5,3,199.5,30,200.0,67,2,2022-03-02 09:08:20
1646212100860044000,199.5,1,199.5,30,200.0,67,2,2022-03-02 09:08:20
1646212101316141000,200.0,2,199.5,42,200.0,66,1,2022-03-02 09:08:21
1646212101457560000,200.0,1,199.5,44,200.0,65,1,2022-03-02 09:08:21
1646212101653796000,199.5,1,199.5,43,200.0,65,2,2022-03-02 09:08:21
1646212102050597000,199.5,1,199.5,42,200.0,65,2,2022-03-02 09:08:22
1646212102191116000,199.5,1,199.5,42,200.0,65,2,2022-03-02 09:08:22
1646212102476369000,199.5,1,199.5,48,200.0,65,2,2022-03-02 09:08:22
1646212102568812000,199.5,5,199.5,43,200.0,65,2,2022-03-02 09:08:22
1646212102613756000,199.5,1,199.5,42,200.0,65,2,2022-03-02 09:08:22
1646212102635551000,200.0,3,199.5,42,200.0,62,1,2022-03-02 09:08:22
1646212102905664000,200.0,1,199.5,43,200.0,53,1,2022-03-02 09:08:22
1646212103138940000,200.0,1,199.5,43,200.0,53,1,2022-03-02 09:08:23
1646212103263226000,199.5,5,199.5,40,200.0,53,2,2022-03-02 09:08:23
1646212103263242000,199.5,5,199.5,35,200.0,53,2,2022-03-02 09:08:23
1646212103302923000,199.5,10,199.5,30,200.0,54,2,2022-03-02 09:08:23
1646212103430791000,199.5,15,199.5,15,200.0,54,2,2022-03-02 09:08:23
1646212104071474000,200.0,1,199.5,21,200.0,53,1,2022-03-02 09:08:24
1646212104151049000,199.5,1,199.5,20,200.0,53,2,2022-03-02 09:08:24
1646212104408310000,199.5,5,199.5,16,200.0,53,2,2022-03-02 09:08:24
1646212104439242000,199.5,1,199.5,15,200.0,53,2,2022-03-02 09:08:24
1646212104476854000,200.0,1,199.5,15,200.0,52,1,2022-03-02 09:08:24
1646212104493842000,199.5,1,199.5,14,200.0,52,2,2022-03-02 09:08:24
1646212104521831000,200.0,2,199.5,15,200.0,50,1,2022-03-02 09:08:24
1646212104557569000,199.5,1,199.5,15,200.0,52,2,2022-03-02 09:08:24
1646212104792982000,199.5,1,199.5,15,200.0,52,2,2022-03-02 09:08:24
1646212104847909000,199.5,1,199.5,14,200.0,52,2,2022-03-02 09:08:24
1646212104938540000,199.5,4,199.5,10,200.0,52,2,2022-03-02 09:08:24
1646212105028596000,199.5,1,199.5,9,200.0,52,2,2022-03-02 09:08:25
1646212105124092000,199.5,1,199.5,10,200.0,52,2,2022-03-02 09:08:25
1646212105224901000,199.5,1,199.5,9,200.0,52,2,2022-03-02 09:08:25
1646212105440719000,199.5,4,199.5,5,200.0,53,2,2022-03-02 09:08:25
1646212105572363000,199.5,4,199.5,3,200.0,53,2,2022-03-02 09:08:25
1646212105624531000,199.5,1,199.5,2,200.0,53,2,2022-03-02 09:08:25
1646212105863934000,200.0,1,199.5,5,200.0,52,1,2022-03-02 09:08:25
1646212105887846000,199.5,1,199.5,5,200.0,52,2,2022-03-02 09:08:25
1646212105943591000,199.5,1,199.5,4,200.0,52,2,2022-03-02 09:08:25
1646212105994867000,199.5,1,199.5,3,200.0,52,2,2022-03-02 09:08:25
1646212106074486000,199.5,1,199.5,3,200.0,52,2,2022-03-02 09:08:26
1646212106096884000,199.5,3,199.0,72,200.0,52,2,2022-03-02 09:08:26
1646212106317715000,199.5,4,199.0,72,200.0,46,1,2022-03-02 09:08:26
1646212106317715000,200.0,6,199.0,72,200.0,46,1,2022-03-02 09:08:26
1646212106366747000,199.0,1,199.0,71,199.5,3,2,2022-03-02 09:08:26
1646212106410369000,199.5,1,199.0,71,199.5,2,1,2022-03-02 09:08:26
1646212106868595000,199.5,1,199.0,71,199.5,10,1,2022-03-02 09:08:26
1646212107075966000,199.5,1,199.0,72,199.5,13,1,2022-03-02 09:08:27
1646212107128047000,199.5,1,199.0,72,199.5,12,1,2022-03-02 09:08:27
1646212107161878000,199.0,1,199.0,71,199.5,14,2,2022-03-02 09:08:27
1646212107309599000,199.5,1,199.0,71,199.5,13,1,2022-03-02 09:08:27
1646212107473904000,199.5,1,199.0,69,199.5,13,1,2022-03-02 09:08:27
1646212107574569000,199.5,1,199.0,69,199.5,13,1,2022-03-02 09:08:27
1646212107615259000,199.5,1,199.0,68,199.5,12,1,2022-03-02 09:08:27
1646212107670415000,199.5,1,199.0,67,199.5,11,1,2022-03-02 09:08:27
1646212107715503000,199.5,1,199.0,67,199.5,10,1,2022-03-02 09:08:27
1646212107794778000,199.5,2,199.0,67,199.5,8,1,2022-03-02 09:08:27
1646212107798627000,199.5,2,199.0,67,199.5,6,1,2022-03-02 09:08:27
1646212107928487000,199.5,1,199.0,66,199.5,5,1,2022-03-02 09:08:27
1646212108014795000,199.5,1,199.0,66,199.5,4,1,2022-03-02 09:08:28
1646212108339205000,199.5,2,199.0,64,199.5,6,1,2022-03-02 09:08:28
1646212108742496000,199.5,1,199.0,64,199.5,10,1,2022-03-02 09:08:28
1646212108794309000,199.5,2,199.0,64,199.5,8,1,2022-03-02 09:08:28
1646212108913754000,199.0,1,199.0,63,199.5,8,2,2022-03-02 09:08:28
1646212109009744000,199.5,1,199.0,64,199.5,9,1,2022-03-02 09:08:29
1646212110043210000,199.5,1,199.0,63,199.5,12,1,2022-03-02 09:08:30
1646212110080475000,199.0,1,199.0,62,199.5,12,2,2022-03-02 09:08:30
1646212110239792000,199.5,2,199.0,62,199.5,10,1,2022-03-02 09:08:30
1646212110358009000,199.5,1,199.0,62,199.5,9,1,2022-03-02 09:08:30
1646212110362735000,199.0,1,199.0,61,199.5,9,2,2022-03-02 09:08:30
1646212110447598000,199.5,1,199.0,61,199.5,8,1,2022-03-02 09:08:30
1646212110519037000,199.0,1,199.0,60,199.5,8,2,2022-03-02 09:08:30
1646212110609080000,199.5,3,199.0,60,199.5,5,1,2022-03-02 09:08:30
1646212110806415000,199.5,1,199.0,60,199.5,4,1,2022-03-02 09:08:30
1646212110950218000,199.0,1,199.0,57,199.5,4,2,2022-03-02 09:08:30
1646212111002924000,199.5,1,199.0,57,199.5,3,1,2022-03-02 09:08:31
1646212111425859000,199.5,4,199.5,3,200.0,48,1,2022-03-02 09:08:31
1646212111463994000,199.5,3,199.0,58,200.0,48,2,2022-03-02 09:08:31
1646212111617623000,199.0,1,199.0,57,200.0,48,2,2022-03-02 09:08:31
1646212111672730000,199.5,1,199.0,57,200.0,48,1,2022-03-02 09:08:31
1646212112076197000,199.5,1,199.5,1,200.0,48,2,2022-03-02 09:08:32
1646212112137261000,199.5,1,199.0,56,200.0,48,2,2022-03-02 09:08:32
1646212112531406000,199.5,1,199.0,66,200.0,47,2,2022-03-02 09:08:32
1646212112584753000,199.5,2,199.5,3,200.0,47,2,2022-03-02 09:08:32
1646212112684821000,199.5,3,199.0,66,199.5,12,2,2022-03-02 09:08:32
1646212112944880000,199.5,10,199.0,66,199.5,2,1,2022-03-02 09:08:32
1646212113215934000,199.5,1,199.0,66,199.5,3,1,2022-03-02 09:08:33
1646212113645515000,199.5,1,199.0,90,199.5,30,1,2022-03-02 09:08:33
1646212113828433000,199.5,1,199.0,90,199.5,29,1,2022-03-02 09:08:33
1646212113881153000,199.5,1,199.0,90,199.5,28,1,2022-03-02 09:08:33
1646212114051872000,199.5,1,199.0,90,199.5,27,1,2022-03-02 09:08:34
1646212114137340000,199.5,1,199.0,80,199.5,26,1,2022-03-02 09:08:34
1646212114383563000,199.5,1,199.0,81,199.5,27,1,2022-03-02 09:08:34
1646212114632992000,199.5,2,199.0,81,199.5,27,1,2022-03-02 09:08:34
1646212115043738000,199.5,1,199.0,81,199.5,28,1,2022-03-02 09:08:35
1646212115083926000,199.5,2,199.0,82,199.5,26,1,2022-03-02 09:08:35
1646212115480147000,199.5,1,199.0,82,199.5,28,1,2022-03-02 09:08:35
1646212115569782000,199.5,1,199.0,82,199.5,27,1,2022-03-02 09:08:35
1646212115615156000,199.5,2,199.0,82,199.5,25,1,2022-03-02 09:08:35
1646212115653836000,199.5,1,199.0,82,199.5,24,1,2022-03-02 09:08:35
1646212115819713000,199.5,1,199.0,82,199.5,24,1,2022-03-02 09:08:35
1646212115884876000,199.5,1,199.0,82,199.5,23,1,2022-03-02 09:08:35
1646212116716446000,199.5,1,199.0,84,199.5,23,1,2022-03-02 09:08:36
1646212116768320000,199.5,1,199.0,84,199.5,22,1,2022-03-02 09:08:36
1646212117122913000,199.0,1,199.0,85,199.5,24,2,2022-03-02 09:08:37
1646212117264246000,199.5,2,199.0,85,199.5,22,1,2022-03-02 09:08:37
1646212117388344000,199.5,1,199.0,86,199.5,21,1,2022-03-02 09:08:37
1646212118219343000,199.0,1,199.0,87,199.5,23,2,2022-03-02 09:08:38
1646212118351150000,199.5,1,199.0,87,199.5,22,1,2022-03-02 09:08:38
1646212118386228000,199.5,1,199.0,87,199.5,21,1,2022-03-02 09:08:38
1646212118664180000,199.5,1,199.0,87,199.5,21,1,2022-03-02 09:08:38
1646212118708733000,199.5,1,199.0,87,199.5,20,1,2022-03-02 09:08:38
1646212118930184000,199.0,1,199.0,86,199.5,20,2,2022-03-02 09:08:38
1646212119059955000,199.0,1,199.0,85,199.5,20,2,2022-03-02 09:08:39
1646212119151298000,199.5,1,199.0,85,199.5,19,1,2022-03-02 09:08:39
1646212119304345000,199.5,15,199.0,86,199.5,4,1,2022-03-02 09:08:39
1646212119470732000,199.5,1,199.0,86,199.5,3,1,2022-03-02 09:08:39
1646212119478725000,199.5,3,199.0,86,200.0,63,1,2022-03-02 09:08:39
1646212119550097000,200.0,1,199.0,86,200.0,62,1,2022-03-02 09:08:39
1646212120585148000,199.5,2,199.5,5,200.0,60,2,2022-03-02 09:08:40
1646212121540279000,200.0,1,199.5,11,200.0,60,1,2022-03-02 09:08:41
1646212121709934000,199.5,1,199.5,11,200.0,60,2,2022-03-02 09:08:41
1646212121787276000,200.0,1,199.5,11,200.0,59,1,2022-03-02 09:08:41
1646212122281965000,200.0,1,199.5,17,200.0,58,1,2022-03-02 09:08:42
1646212122601402000,199.5,1,199.5,18,200.0,59,2,2022-03-02 09:08:42
1646212123562666000,200.0,1,199.5,24,200.0,60,1,2022-03-02 09:08:43
1646212124651998000,200.0,1,199.5,29,200.0,66,1,2022-03-02 09:08:44
1646212124664510000,199.5,3,199.5,26,200.0,66,2,2022-03-02 09:08:44
1646212124756186000,200.0,1,199.5,26,200.0,65,1,2022-03-02 09:08:44
1646212124866988000,200.0,1,199.5,28,200.0,64,1,2022-03-02 09:08:44
1646212124914126000,199.5,1,199.5,27,200.0,64,2,2022-03-02 09:08:44
1646212125137165000,199.5,1,199.5,26,200.0,64,2,2022-03-02 09:08:45
1646212125234705000,200.0,1,199.5,26,200.0,63,1,2022-03-02 09:08:45
1646212125248589000,200.0,1,199.5,26,200.0,62,1,2022-03-02 09:08:45
1646212126860612000,200.0,1,199.5,49,200.0,66,1,2022-03-02 09:08:46
1646212127469191000,200.0,1,199.5,51,200.0,65,1,2022-03-02 09:08:47
1646212127508687000,200.0,8,199.5,51,200.0,57,1,2022-03-02 09:08:47
1646212127802591000,200.0,1,199.5,51,200.0,56,1,2022-03-02 09:08:47
1646212127808328000,200.0,1,199.5,51,200.0,55,1,2022-03-02 09:08:47
1646212128671027000,199.5,1,199.5,53,200.0,58,2,2022-03-02 09:08:48
1646212129360147000,200.0,4,199.5,55,200.0,55,1,2022-03-02 09:08:49
1646212129771021000,200.0,1,199.5,57,200.0,54,1,2022-03-02 09:08:49
1646212129934712000,199.5,1,199.5,58,200.0,54,2,2022-03-02 09:08:49
1646212130200559000,200.0,1,199.5,58,200.0,53,1,2022-03-02 09:08:50
1646212130259828000,200.0,1,199.5,58,200.0,52,1,2022-03-02 09:08:50
1646212130399750000,199.5,1,199.5,58,200.0,52,2,2022-03-02 09:08:50
1646212130442405000,200.0,1,199.5,58,200.0,51,1,2022-03-02 09:08:50
1646212130533497000,200.0,1,199.5,58,200.0,50,1,2022-03-02 09:08:50
1646212130671255000,200.0,1,199.5,59,200.0,50,1,2022-03-02 09:08:50
1646212130841901000,200.0,2,199.5,59,200.0,48,1,2022-03-02 09:08:50
1646212130863228000,200.0,1,199.5,59,200.0,47,1,2022-03-02 09:08:50
1646212130951133000,200.0,1,199.5,59,200.0,46,1,2022-03-02 09:08:50
1646212130969409000,200.0,3,199.5,59,200.0,43,1,2022-03-02 09:08:50
1646212131386072000,200.0,2,199.5,60,200.0,42,1,2022-03-02 09:08:51
1646212131929370000,200.0,5,199.5,62,200.0,38,1,2022-03-02 09:08:51
1646212132098962000,200.0,1,199.5,69,200.0,37,1,2022-03-02 09:08:52
1646212132522035000,200.0,1,199.5,69,200.0,37,1,2022-03-02 09:08:52
1646212132557935000,200.0,1,199.5,69,200.0,36,1,2022-03-02 09:08:52
1646212132697707000,200.0,1,199.5,69,200.0,37,1,2022-03-02 09:08:52
1646212132958265000,200.0,3,199.5,69,200.0,37,1,2022-03-02 09:08:52
1646212133027673000,200.0,1,199.5,69,200.0,56,1,2022-03-02 09:08:53
1646212133248529000,200.0,20,199.5,69,200.0,36,1,2022-03-02 09:08:53
1646212133251280000,200.0,6,199.5,69,200.0,30,1,2022-03-02 09:08:53
1646212133413680000,200.0,1,199.5,69,200.0,29,1,2022-03-02 09:08:53
1646212133726302000,200.0,1,199.5,69,200.0,30,1,2022-03-02 09:08:53
1646212133979172000,200.0,1,199.5,70,200.0,29,1,2022-03-02 09:08:53
1646212134133150000,200.0,1,199.5,71,200.0,28,1,2022-03-02 09:08:54
1646212134469971000,200.0,1,199.5,72,200.0,27,1,2022-03-02 09:08:54
1646212134680778000,200.0,1,199.5,71,200.0,26,1,2022-03-02 09:08:54
1646212134991879000,200.0,1,199.5,73,200.0,25,1,2022-03-02 09:08:54
1646212135013512000,200.0,1,199.5,73,200.0,24,1,2022-03-02 09:08:55
1646212135113520000,200.0,1,199.5,73,200.0,23,1,2022-03-02 09:08:55
1646212135187914000,200.0,2,199.5,73,200.0,21,1,2022-03-02 09:08:55
1646212135209245000,200.0,2,199.5,73,200.0,19,1,2022-03-02 09:08:55
1646212135283736000,200.0,1,199.5,73,200.0,18,1,2022-03-02 09:08:55
1646212135422487000,200.0,1,199.5,73,200.0,17,1,2022-03-02 09:08:55
1646212135704906000,200.0,2,199.5,74,200.0,15,1,2022-03-02 09:08:55
1646212135741847000,200.0,1,199.5,74,200.0,17,1,2022-03-02 09:08:55
1646212135779097000,200.0,1,199.5,74,200.0,16,1,2022-03-02 09:08:55
1646212135815979000,200.0,2,199.5,75,200.0,14,1,2022-03-02 09:08:55
1646212135867168000,200.0,10,199.5,75,200.0,4,1,2022-03-02 09:08:55
1646212135890970000,200.0,2,199.5,75,200.0,2,1,2022-03-02 09:08:55
1646212135898438000,200.0,2,199.5,75,200.5,32,1,2022-03-02 09:08:55
1646212136225649000,200.0,2,199.5,76,200.0,8,2,2022-03-02 09:08:56
1646212136258467000,200.0,1,199.5,76,200.0,7,1,2022-03-02 09:08:56
1646212136303393000,200.0,1,199.5,76,200.0,6,1,2022-03-02 09:08:56
1646212136413172000,200.0,1,199.5,76,200.0,6,1,2022-03-02 09:08:56
1646212136418106000,200.0,1,199.5,76,200.0,5,1,2022-03-02 09:08:56
1646212136569707000,200.0,1,199.5,76,200.0,5,1,2022-03-02 09:08:56
1646212136729126000,200.0,1,199.5,77,200.0,6,1,2022-03-02 09:08:56
1646212136903683000,200.0,1,199.5,77,200.0,5,1,2022-03-02 09:08:56
1646212136904274000,200.0,1,199.5,77,200.0,4,1,2022-03-02 09:08:56
1646212137065891000,200.0,2,199.5,77,200.0,2,1,2022-03-02 09:08:57
1646212137192529000,200.0,1,199.5,77,200.0,1,1,2022-03-02 09:08:57
1646212137326925000,199.5,69,199.5,9,200.0,1,2,2022-03-02 09:08:57
1646212137346104000,199.5,9,199.0,128,200.0,1,2,2022-03-02 09:08:57
1646212137387363000,199.5,1,199.0,128,200.0,3,1,2022-03-02 09:08:57
1646212137414927000,200.0,1,199.0,128,200.0,5,1,2022-03-02 09:08:57
1646212137453437000,200.0,1,199.0,128,200.0,4,1,2022-03-02 09:08:57
1646212137814682000,200.0,1,199.0,127,200.0,3,1,2022-03-02 09:08:57
1646212137950379000,200.0,1,199.0,127,200.0,4,1,2022-03-02 09:08:57
1646212138106605000,200.0,1,199.0,127,200.0,5,1,2022-03-02 09:08:58
1646212138120902000,200.0,1,199.0,127,200.0,4,1,2022-03-02 09:08:58
1646212138132116000,200.0,1,199.0,127,200.0,3,1,2022-03-02 09:08:58
1646212138271375000,199.5,1,199.0,127,200.0,27,1,2022-03-02 09:08:58
1646212138544591000,199.5,1,199.0,127,199.5,1,1,2022-03-02 09:08:58
1646212138565039000,199.5,1,199.0,127,200.0,27,1,2022-03-02 09:08:58
1646212138573301000,199.0,5,199.0,122,200.0,32,2,2022-03-02 09:08:58
1646212138593927000,199.0,7,199.0,115,200.0,32,2,2022-03-02 09:08:58
1646212138681346000,200.0,1,199.0,115,200.0,31,1,2022-03-02 09:08:58
1646212138694240000,200.0,1,199.0,115,200.0,30,1,2022-03-02 09:08:58
1646212138705582000,200.0,2,199.0,115,200.0,28,1,2022-03-02 09:08:58
1646212138793702000,199.0,2,199.0,113,199.5,5,2,2022-03-02 09:08:58
1646212138798631000,199.0,2,199.0,111,199.5,5,2,2022-03-02 09:08:58
1646212138975714000,199.5,1,199.0,111,199.5,4,1,2022-03-02 09:08:58
1646212138995626000,199.5,1,199.0,111,199.5,3,1,2022-03-02 09:08:58
1646212139561203000,199.5,1,199.0,111,199.5,2,1,2022-03-02 09:08:59
1646212139571078000,199.5,1,199.0,111,199.5,1,1,2022-03-02 09:08:59
1646212139599518000,199.5,1,199.0,111,199.5,1,1,2022-03-02 09:08:59
1646212139803929000,199.5,1,199.0,111,200.0,34,1,2022-03-02 09:08:59
1646212140386904000,199.5,5,199.0,113,199.5,1,1,2022-03-02 09:09:00
1646212140512071000,199.5,1,199.0,113,200.0,36,1,2022-03-02 09:09:00
1646212140740109000,199.0,1,199.0,112,200.0,38,2,2022-03-02 09:09:00
1646212140748415000,200.0,1,199.0,112,200.0,37,1,2022-03-02 09:09:00
1646212140771952000,199.0,1,199.0,111,200.0,37,2,2022-03-02 09:09:00
1646212140817832000,199.0,1,199.0,110,200.0,37,2,2022-03-02 09:09:00
1646212140975740000,199.5,1,199.0,110,200.0,37,1,2022-03-02 09:09:00
1646212141006974000,199.5,3,199.0,110,200.0,37,2,2022-03-02 09:09:01
1646212141162285000,199.5,2,199.0,110,200.0,37,2,2022-03-02 09:09:01
1646212141717549000,200.0,3,199.0,110,200.0,35,1,2022-03-02 09:09:01
1646212142226700000,199.5,1,199.0,110,200.0,36,1,2022-03-02 09:09:02
1646212142703043000,200.0,1,199.5,1,200.0,35,1,2022-03-02 09:09:02
1646212142984518000,199.5,1,199.5,2,200.0,40,2,2022-03-02 09:09:02
1646212143129224000,199.5,1,199.5,1,200.0,40,2,2022-03-02 09:09:03
1646212143383007000,199.5,1,199.0,111,200.0,40,2,2022-03-02 09:09:03
1646212144309043000,200.0,5,199.0,111,200.0,35,1,2022-03-02 09:09:04
1646212144538421000,200.0,5,199.0,111,200.0,30,1,2022-03-02 09:09:04
1646212145165371000,200.0,1,199.5,1,200.0,31,1,2022-03-02 09:09:05
1646212145338356000,199.5,1,199.0,112,199.5,3,2,2022-03-02 09:09:05
1646212145885639000,199.5,1,199.0,113,199.5,3,1,2022-03-02 09:09:05
1646212146420699000,199.5,2,199.0,115,199.5,2,1,2022-03-02 09:09:06
1646212146480715000,199.5,1,199.0,115,199.5,1,1,2022-03-02 09:09:06
1646212146731996000,199.5,1,199.0,115,200.0,34,1,2022-03-02 09:09:06
1646212146975342000,199.5,1,199.0,116,200.0,34,2,2022-03-02 09:09:06
1646212147632626000,199.5,1,199.0,117,200.0,35,1,2022-03-02 09:09:07
1646212148303145000,200.0,1,199.5,8,200.0,36,1,2022-03-02 09:09:08
1646212148491595000,199.5,1,199.5,8,200.0,36,2,2022-03-02 09:09:08
1646212148803443000,200.0,1,199.5,9,200.0,34,1,2022-03-02 09:09:08
1646212149298870000,199.5,1,199.5,9,200.0,33,2,2022-03-02 09:09:09
1646212150051658000,199.5,1,199.5,8,200.0,33,2,2022-03-02 09:09:10
1646212151780141000,199.5,2,199.5,10,200.0,38,2,2022-03-02 09:09:11
1646212152012998000,200.0,1,199.5,10,200.0,37,1,2022-03-02 09:09:12
1646212152186918000,199.5,1,199.5,12,200.0,37,2,2022-03-02 09:09:12
1646212152873346000,200.0,2,199.5,14,200.0,40,1,2022-03-02 09:09:12
1646212153337362000,199.5,1,199.5,14,200.0,65,2,2022-03-02 09:09:13
1646212153779973000,200.0,1,199.5,24,200.0,62,1,2022-03-02 09:09:13
1646212153788827000,200.0,1,199.5,24,200.0,61,1,2022-03-02 09:09:13
1646212154084257000,199.5,2,199.5,23,200.0,61,2,2022-03-02 09:09:14
1646212154229740000,199.5,1,199.5,22,200.0,62,2,2022-03-02 09:09:14
1646212154492459000,199.5,1,199.5,21,200.0,66,2,2022-03-02 09:09:14
1646212155116369000,200.0,1,199.5,23,200.0,65,1,2022-03-02 09:09:15
1646212155540525000,199.5,1,199.5,22,200.0,65,2,2022-03-02 09:09:15
1646212156375840000,199.5,1,199.5,23,200.0,67,2,2022-03-02 09:09:16
1646212156410839000,199.5,1,199.5,22,200.0,67,2,2022-03-02 09:09:16
1646212156581926000,200.0,2,199.5,23,200.0,65,1,2022-03-02 09:09:16
1646212157005228000,199.5,6,199.5,20,200.0,67,2,2022-03-02 09:09:17
1646212157760240000,199.5,1,199.5,19,200.0,67,2,2022-03-02 09:09:17
1646212158124844000,199.5,19,199.0,128,199.5,6,2,2022-03-02 09:09:18
1646212158163458000,199.5,1,199.0,127,199.5,5,1,2022-03-02 09:09:18
1646212158481433000,199.5,1,199.0,127,199.5,5,1,2022-03-02 09:09:18
1646212159391642000,199.0,5,199.0,122,199.5,26,2,2022-03-02 09:09:19
1646212159722274000,199.0,1,199.0,121,199.5,26,2,2022-03-02 09:09:19
1646212160522059000,199.5,1,199.0,120,199.5,32,1,2022-03-02 09:09:20
1646212160680930000,199.5,1,199.0,120,199.5,32,1,2022-03-02 09:09:20
1646212160776476000,199.5,1,199.0,119,199.5,31,1,2022-03-02 09:09:20
1646212161753879000,199.5,1,199.0,120,199.5,31,1,2022-03-02 09:09:21
1646212161779492000,199.0,1,199.0,119,199.5,31,2,2022-03-02 09:09:21
1646212162859249000,199.5,1,199.0,121,199.5,35,1,2022-03-02 09:09:22
1646212162976808000,199.0,1,199.0,121,199.5,35,2,2022-03-02 09:09:22
1646212164241315000,199.0,1,199.0,121,199.5,35,2,2022-03-02 09:09:24
1646212164384135000,199.5,1,199.0,121,199.5,34,1,2022-03-02 09:09:24
1646212165147085000,199.5,1,199.0,121,199.5,35,1,2022-03-02 09:09:25
1646212165792233000,199.5,1,199.0,121,199.5,35,1,2022-03-02 09:09:25
1646212166878346000,199.5,1,199.0,125,199.5,36,1,2022-03-02 09:09:26
1646212167262131000,199.5,1,199.0,130,199.5,36,1,2022-03-02 09:09:27
1646212168014551000,199.5,1,199.0,134,199.5,37,1,2022-03-02 09:09:28
1646212168540212000,199.5,1,199.0,135,199.5,47,1,2022-03-02 09:09:28
1646212172427088000,199.5,1,199.0,134,199.5,51,1,2022-03-02 09:09:32
1646212172888674000,199.5,2,199.0,134,199.5,50,1,2022-03-02 09:09:32
1646212173082549000,199.5,1,199.0,134,199.5,49,1,2022-03-02 09:09:33
1646212173627510000,199.0,1,199.0,133,199.5,50,2,2022-03-02 09:09:33
1646212174857717000,199.5,1,199.0,132,199.5,54,1,2022-03-02 09:09:34
1646212176230378000,199.5,1,199.0,131,199.5,53,1,2022-03-02 09:09:36
1646212176884618000,199.5,1,199.0,132,199.5,55,1,2022-03-02 09:09:36
1646212176965807000,199.0,1,199.0,131,199.5,54,2,2022-03-02 09:09:36
1646212177167500000,199.5,1,199.0,131,199.5,53,1,2022-03-02 09:09:37
1646212177320816000,199.5,2,199.0,131,199.5,51,1,2022-03-02 09:09:37
1646212177823671000,199.0,2,199.0,129,199.5,51,2,2022-03-02 09:09:37
1646212178430030000,199.5,1,199.0,130,199.5,49,1,2022-03-02 09:09:38
1646212178511292000,199.5,1,199.0,130,199.5,48,1,2022-03-02 09:09:38
1646212178612570000,199.0,1,199.0,129,199.5,48,2,2022-03-02 09:09:38
1646212179221101000,199.0,4,199.0,125,199.5,48,2,2022-03-02 09:09:39
1646212179735868000,199.0,1,199.0,124,199.5,49,2,2022-03-02 09:09:39
1646212180064630000,199.5,1,199.0,124,199.5,48,1,2022-03-02 09:09:40
1646212181874131000,199.0,8,199.0,65,199.5,50,2,2022-03-02 09:09:41
1646212182111070000,199.0,60,199.0,5,199.5,51,2,2022-03-02 09:09:42
1646212182142005000,199.0,5,198.5,25,199.5,51,2,2022-03-02 09:09:42
1646212182596316000,198.5,8,198.5,17,199.0,24,2,2022-03-02 09:09:42
1646212182627052000,198.5,9,198.5,8,199.0,24,2,2022-03-02 09:09:42
1646212182627069000,198.5,8,198.0,30,199.0,24,2,2022-03-02 09:09:42
1646212182978995000,198.0,3,198.0,27,198.5,7,2,2022-03-02 09:09:42
1646212183066930000,198.0,1,198.0,26,198.5,12,2,2022-03-02 09:09:43
1646212183131339000,198.0,1,198.0,25,198.5,15,2,2022-03-02 09:09:43
1646212184169609000,198.0,1,198.0,24,198.5,31,2,2022-03-02 09:09:44
1646212184260264000,198.0,1,198.0,23,198.5,31,2,2022-03-02 09:09:44
1646212184293134000,198.0,1,198.0,22,198.5,31,2,2022-03-02 09:09:44
1646212184546921000,198.0,1,198.0,21,198.5,31,2,2022-03-02 09:09:44
1646212185754652000,198.0,1,198.0,21,198.5,17,2,2022-03-02 09:09:45
1646212185887120000,198.5,5,198.0,22,198.5,12,1,2022-03-02 09:09:45
1646212186306021000,198.0,1,198.0,20,198.5,12,2,2022-03-02 09:09:46
1646212186485399000,198.0,1,198.0,19,198.5,12,2,2022-03-02 09:09:46
1646212186522585000,198.0,1,198.0,18,198.5,12,2,2022-03-02 09:09:46
1646212186557018000,198.0,1,198.0,17,198.5,12,2,2022-03-02 09:09:46
1646212187732498000,198.0,17,197.5,27,198.5,17,2,2022-03-02 09:09:47
1646212187732498000,197.5,1,197.5,27,198.5,17,2,2022-03-02 09:09:47
1646212188436771000,198.0,1,197.5,27,198.0,5,1,2022-03-02 09:09:48
1646212188531382000,197.5,1,197.5,26,198.0,5,2,2022-03-02 09:09:48
1646212188550556000,198.0,1,197.5,26,198.0,4,1,2022-03-02 09:09:48
1646212188876171000,197.5,5,197.5,21,198.0,7,2,2022-03-02 09:09:48
1646212188920254000,198.0,1,197.5,21,198.0,6,1,2022-03-02 09:09:48
1646212189468621000,198.0,1,197.5,21,198.0,5,1,2022-03-02 09:09:49
1646212191184865000,197.5,1,197.5,21,198.0,16,2,2022-03-02 09:09:51
1646212191314960000,198.0,6,197.5,21,198.0,10,1,2022-03-02 09:09:51
1646212191709909000,198.0,2,197.5,21,198.0,9,1,2022-03-02 09:09:51
1646212192422896000,197.5,1,197.5,20,198.0,10,2,2022-03-02 09:09:52
1646212192603934000,198.0,1,197.5,20,198.0,9,1,2022-03-02 09:09:52
1646212193295362000,197.5,1,197.5,16,198.0,9,2,2022-03-02 09:09:53
1646212193655692000,198.0,1,197.5,16,198.0,12,1,2022-03-02 09:09:53
1646212194510279000,197.5,1,197.5,15,198.0,14,2,2022-03-02 09:09:54
1646212194567715000,198.0,1,197.5,15,198.0,13,1,2022-03-02 09:09:54
1646212195070095000,197.5,1,197.5,14,198.0,14,2,2022-03-02 09:09:55
1646212195583857000,198.0,14,197.5,20,198.5,7,1,2022-03-02 09:09:55
1646212195892844000,198.0,1,197.5,20,198.5,7,1,2022-03-02 09:09:55
1646212196388071000,198.0,2,198.0,6,198.5,9,2,2022-03-02 09:09:56
1646212196464997000,198.0,1,198.0,5,198.5,9,2,2022-03-02 09:09:56
1646212196754622000,198.0,2,198.0,4,198.5,9,2,2022-03-02 09:09:56
1646212197724693000,198.0,1,198.0,29,198.5,9,2,2022-03-02 09:09:57
1646212197798619000,198.0,1,198.0,28,198.5,9,2,2022-03-02 09:09:57
1646212198315269000,198.0,11,198.0,22,198.5,9,2,2022-03-02 09:09:58
1646212198494522000,198.0,1,198.0,25,198.5,9,2,2022-03-02 09:09:58
1646212199340053000,198.0,10,198.0,26,198.5,9,2,2022-03-02 09:09:59
1646212200086665000,198.0,1,198.0,25,198.5,10,2,2022-03-02 09:10:00
1646212200369558000,198.0,10,198.0,21,198.5,10,2,2022-03-02 09:10:00
1646212201586008000,198.0,2,198.0,20,198.5,11,2,2022-03-02 09:10:01
1646212201809326000,198.0,5,198.0,15,198.5,11,2,2022-03-02 09:10:01
1646212202038599000,198.0,1,198.0,14,198.5,11,2,2022-03-02 09:10:02
1646212202158556000,198.0,1,198.0,13,198.5,11,2,2022-03-02 09:10:02
1646212202249082000,198.0,1,198.0,12,198.5,11,2,2022-03-02 09:10:02
1646212202738453000,198.0,1,198.0,11,198.5,11,2,2022-03-02 09:10:02
1646212203291711000,198.0,1,198.0,10,198.5,11,2,2022-03-02 09:10:03
1646212203818869000,198.0,1,198.0,10,198.5,11,2,2022-03-02 09:10:03
1646212203959827000,198.0,1,198.0,9,198.5,11,2,2022-03-02 09:10:03
1646212204336909000,198.0,1,198.0,8,198.5,12,2,2022-03-02 09:10:04
1646212204559044000,198.5,1,198.0,8,198.5,11,1,2022-03-02 09:10:04
1646212204772125000,198.0,1,198.0,7,198.5,11,2,2022-03-02 09:10:04
1646212205144540000,198.0,1,198.0,6,198.5,11,2,2022-03-02 09:10:05
1646212205416023000,198.0,1,198.0,5,198.5,11,2,2022-03-02 09:10:05
1646212205545933000,198.0,1,198.0,4,198.5,11,2,2022-03-02 09:10:05
1646212205553061000,198.0,1,198.0,3,198.5,11,2,2022-03-02 09:10:05
1646212205618824000,198.0,1,198.0,2,198.5,11,2,2022-03-02 09:10:05
1646212205627149000,198.0,2,197.5,26,198.5,11,2,2022-03-02 09:10:05
1646212205718289000,197.5,3,197.5,23,198.5,11,2,2022-03-02 09:10:05
1646212206185314000,198.0,1,198.0,2,198.5,11,2,2022-03-02 09:10:06
1646212206761343000,198.0,2,197.5,28,198.0,4,2,2022-03-02 09:10:06
1646212206800006000,198.0,4,197.5,28,198.5,11,1,2022-03-02 09:10:06
1646212207164182000,198.0,1,197.5,27,198.0,1,1,2022-03-02 09:10:07
1646212207204911000,198.0,1,197.5,27,198.5,13,1,2022-03-02 09:10:07
1646212207297024000,198.0,1,197.5,27,198.5,13,1,2022-03-02 09:10:07
1646212207412039000,198.0,1,197.5,27,198.5,13,1,2022-03-02 09:10:07
1646212207728890000,198.0,1,197.5,27,198.5,13,1,2022-03-02 09:10:07
1646212207802546000,198.0,1,197.5,27,198.5,13,1,2022-03-02 09:10:07
1646212208154593000,198.0,5,197.5,22,198.5,13,2,2022-03-02 09:10:08
1646212208154593000,197.5,5,197.5,22,198.5,13,2,2022-03-02 09:10:08
1646212208987192000,198.0,1,197.5,23,198.0,4,1,2022-03-02 09:10:08
1646212210008295000,198.0,2,197.5,23,198.0,9,1,2022-03-02 09:10:10
1646212210655434000,198.0,5,197.5,23,198.0,4,1,2022-03-02 09:10:10
1646212212973098000,198.0,1,197.5,24,198.0,36,1,2022-03-02 09:10:12
1646212213714023000,198.0,1,197.5,26,198.0,39,1,2022-03-02 09:10:13
1646212215458764000,197.5,1,197.5,26,198.0,40,2,2022-03-02 09:10:15
1646212217446538000,198.0,41,197.5,33,198.5,18,1,2022-03-02 09:10:17
1646212217785808000,198.0,1,197.5,34,198.5,18,1,2022-03-02 09:10:17
1646212218248624000,198.5,1,197.5,34,198.5,17,1,2022-03-02 09:10:18
1646212219094414000,198.0,1,198.0,6,198.5,17,2,2022-03-02 09:10:19
1646212221633788000,198.0,1,198.0,6,198.5,17,2,2022-03-02 09:10:21
1646212222568676000,198.0,1,198.0,5,198.5,18,2,2022-03-02 09:10:22
1646212223151314000,198.5,1,198.0,5,198.5,17,1,2022-03-02 09:10:23
1646212223620157000,198.0,1,198.0,5,198.5,17,2,2022-03-02 09:10:23
1646212224224454000,198.5,1,198.0,9,198.5,17,1,2022-03-02 09:10:24
1646212225097644000,198.0,1,198.0,9,198.5,17,2,2022-03-02 09:10:25
1646212226196482000,198.0,1,198.0,16,198.5,20,2,2022-03-02 09:10:26
1646212227961993000,198.5,1,198.0,18,198.5,21,1,2022-03-02 09:10:27
1646212229376465000,198.0,2,198.0,30,198.5,22,2,2022-03-02 09:10:29
1646212233578323000,198.0,1,198.0,35,198.5,24,2,2022-03-02 09:10:33
1646212233642979000,198.5,1,198.0,35,198.5,23,1,2022-03-02 09:10:33
1646212233981439000,198.0,5,198.0,31,198.5,23,2,2022-03-02 09:10:33
1646212235996430000,198.0,2,198.0,30,198.5,24,2,2022-03-02 09:10:35
1646212236407648000,198.0,1,198.0,29,198.5,24,2,2022-03-02 09:10:36
1646212237379719000,198.5,1,198.0,30,198.5,24,1,2022-03-02 09:10:37
1646212238758475000,198.0,1,198.0,30,198.5,24,2,2022-03-02 09:10:38
1646212240900325000,198.5,5,198.0,31,198.5,21,1,2022-03-02 09:10:40
1646212241972610000,198.0,3,198.0,28,198.5,20,2,2022-03-02 09:10:41
1646212243656920000,198.5,1,198.0,30,198.5,20,1,2022-03-02 09:10:43
1646212247072766000,198.5,1,198.0,33,198.5,21,1,2022-03-02 09:10:47
1646212247253127000,198.5,1,198.0,34,198.5,20,1,2022-03-02 09:10:47
1646212247623186000,198.5,1,198.0,35,198.5,19,1,2022-03-02 09:10:47
1646212248857670000,198.5,5,198.0,35,198.5,16,1,2022-03-02 09:10:48
1646212248925299000,198.5,1,198.0,35,198.5,15,1,2022-03-02 09:10:48
1646212250245793000,198.5,1,198.0,36,198.5,15,1,2022-03-02 09:10:50
1646212250497135000,198.5,1,198.0,36,198.5,14,1,2022-03-02 09:10:50
1646212251142395000,198.5,1,198.0,36,198.5,13,1,2022-03-02 09:10:51
1646212251325407000,198.5,1,198.0,36,198.5,12,1,2022-03-02 09:10:51
1646212251693515000,198.0,10,198.0,28,198.5,12,2,2022-03-02 09:10:51
1646212251730786000,198.0,1,198.0,27,198.5,12,2,2022-03-02 09:10:51
1646212251981017000,198.5,1,198.0,27,198.5,12,1,2022-03-02 09:10:51
1646212252882943000,198.0,3,198.0,24,198.5,12,2,2022-03-02 09:10:52
1646212253225526000,198.5,1,198.0,25,198.5,11,1,2022-03-02 09:10:53
1646212255215288000,198.5,1,198.0,27,198.5,11,1,2022-03-02 09:10:55
1646212256850448000,198.5,1,198.0,29,198.5,11,1,2022-03-02 09:10:56
1646212259965854000,198.5,1,198.0,31,198.5,15,1,2022-03-02 09:10:59
1646212260193214000,198.5,1,198.0,31,198.5,14,1,2022-03-02 09:11:00
1646212260197501000,198.5,3,198.0,31,198.5,11,1,2022-03-02 09:11:00
1646212262466102000,198.5,1,198.0,31,198.5,12,1,2022-03-02 09:11:02
1646212262961139000,198.5,1,198.0,31,198.5,11,1,2022-03-02 09:11:02
1646212263010684000,198.5,1,198.0,31,198.5,10,1,2022-03-02 09:11:03
1646212263396407000,198.5,1,198.0,31,198.5,9,1,2022-03-02 09:11:03
1646212263623281000,198.5,1,198.0,31,198.5,8,1,2022-03-02 09:11:03
1646212264871293000,198.5,1,198.0,32,198.5,10,1,2022-03-02 09:11:04
1646212265657706000,198.5,2,198.0,32,198.5,8,1,2022-03-02 09:11:05
1646212265861159000,198.5,1,198.0,32,198.5,7,1,2022-03-02 09:11:05
1646212268396284000,198.5,2,198.0,33,198.5,8,1,2022-03-02 09:11:08
1646212269062162000,198.0,2,198.0,32,198.5,8,2,2022-03-02 09:11:09
1646212269120965000,198.5,2,198.0,32,198.5,6,1,2022-03-02 09:11:09
1646212269151820000,198.5,1,198.0,32,198.5,5,1,2022-03-02 09:11:09
1646212270781492000,198.5,1,198.0,33,198.5,4,1,2022-03-02 09:11:10
1646212271027669000,198.5,1,198.0,33,198.5,4,1,2022-03-02 09:11:11
1646212271303211000,198.5,1,198.0,33,198.5,3,1,2022-03-02 09:11:11
1646212271806077000,198.5,1,198.0,33,198.5,3,1,2022-03-02 09:11:11
1646212272154509000,198.5,1,198.0,32,198.5,2,1,2022-03-02 09:11:12
1646212272532185000,198.5,1,198.0,32,198.5,1,1,2022-03-02 09:11:12
1646212273352737000,198.5,1,198.0,32,199.0,21,1,2022-03-02 09:11:13
1646212274852007000,198.5,1,198.0,32,199.0,21,1,2022-03-02 09:11:14
1646212277562388000,198.5,3,198.0,33,199.0,22,2,2022-03-02 09:11:17
1646212278867215000,198.5,1,198.0,33,198.5,1,1,2022-03-02 09:11:18
1646212281530978000,198.5,1,198.0,33,198.5,2,1,2022-03-02 09:11:21
1646212281800236000,198.5,1,198.0,33,198.5,1,1,2022-03-02 09:11:21
1646212282952737000,198.5,1,198.0,32,198.5,2,1,2022-03-02 09:11:22
1646212283056653000,198.0,2,198.0,30,198.5,2,2,2022-03-02 09:11:23
1646212283635856000,198.5,2,198.5,1,199.0,29,1,2022-03-02 09:11:23
1646212283672610000,198.5,1,198.0,30,199.0,29,2,2022-03-02 09:11:23
1646212284359275000,198.0,3,198.0,26,199.0,28,2,2022-03-02 09:11:24
1646212293729122000,198.0,1,198.0,29,198.5,28,2,2022-03-02 09:11:33
1646212294524024000,198.0,4,198.0,25,198.5,28,2,2022-03-02 09:11:34
1646212294560815000,198.0,7,198.0,18,198.5,29,2,2022-03-02 09:11:34
1646212294560836000,198.0,9,198.0,9,198.5,29,2,2022-03-02 09:11:34
1646212294603830000,198.0,1,198.0,8,198.5,30,2,2022-03-02 09:11:34
1646212294604683000,198.0,1,198.0,7,198.5,30,2,2022-03-02 09:11:34
1646212295468450000,198.0,1,198.0,6,198.5,32,2,2022-03-02 09:11:35
1646212295652889000,198.0,1,198.0,5,198.5,32,2,2022-03-02 09:11:35
1646212295711953000,198.0,1,198.0,4,198.5,32,2,2022-03-02 09:11:35
1646212296296235000,198.0,1,198.0,3,198.5,32,2,2022-03-02 09:11:36
1646212296390142000,198.0,1,198.0,2,198.5,32,2,2022-03-02 09:11:36
1646212296563118000,198.0,1,198.0,1,198.5,32,2,2022-03-02 09:11:36
1646212296598720000,198.0,1,197.5,28,198.5,32,2,2022-03-02 09:11:36
1646212296842373000,197.5,1,197.5,27,198.5,32,2,2022-03-02 09:11:36
1646212297613960000,197.5,2,197.5,25,198.0,4,2,2022-03-02 09:11:37
1646212298535791000,198.0,1,197.5,25,198.0,3,1,2022-03-02 09:11:38
1646212300881033000,197.5,1,197.5,24,198.0,14,2,2022-03-02 09:11:40
1646212303863878000,197.5,10,197.5,14,198.0,21,2,2022-03-02 09:11:43
1646212303893922000,197.5,1,197.5,13,198.0,21,2,2022-03-02 09:11:43
1646212303896199000,197.5,1,197.5,12,198.0,21,2,2022-03-02 09:11:43
1646212305793729000,197.5,1,197.5,10,198.0,26,2,2022-03-02 09:11:45
1646212306871281000,197.5,1,197.5,9,198.0,25,2,2022-03-02 09:11:46
1646212307058662000,197.5,1,197.5,8,198.0,26,2,2022-03-02 09:11:47
1646212307117487000,197.5,1,197.5,7,198.0,27,2,2022-03-02 09:11:47
1646212307512406000,197.5,5,197.5,2,198.0,28,2,2022-03-02 09:11:47
1646212307549916000,197.5,1,197.5,1,198.0,28,2,2022-03-02 09:11:47
1646212307570652000,197.5,1,197.0,60,198.0,28,2,2022-03-02 09:11:47
1646212308430594000,197.5,2,197.5,18,198.0,26,1,2022-03-02 09:11:48
1646212308433834000,197.5,1,197.5,17,198.0,26,2,2022-03-02 09:11:48
1646212308463331000,197.5,1,197.5,16,198.0,26,2,2022-03-02 09:11:48
1646212309557437000,197.5,1,197.5,16,198.0,30,2,2022-03-02 09:11:49
1646212310643321000,197.5,1,197.5,16,198.0,30,2,2022-03-02 09:11:50
1646212312132896000,197.5,10,197.5,7,198.0,29,2,2022-03-02 09:11:52
1646212312171019000,197.5,1,197.5,6,198.0,28,2,2022-03-02 09:11:52
1646212312171448000,197.5,1,197.5,5,198.0,28,2,2022-03-02 09:11:52
1646212312172726000,197.5,1,197.5,4,198.0,28,2,2022-03-02 09:11:52
1646212312213476000,197.5,1,197.5,3,198.0,28,2,2022-03-02 09:11:52
1646212312270468000,197.5,1,197.5,2,198.0,28,2,2022-03-02 09:11:52
1646212312772056000,197.5,1,197.5,1,198.0,28,2,2022-03-02 09:11:52
1646212313057790000,197.5,1,197.0,40,197.5,9,2,2022-03-02 09:11:53
1646212313159357000,197.5,1,197.0,40,197.5,8,1,2022-03-02 09:11:53
1646212313189387000,197.5,8,197.0,40,198.0,28,1,2022-03-02 09:11:53
1646212313441113000,197.5,1,197.0,40,198.0,28,2,2022-03-02 09:11:53
1646212314035592000,197.0,4,197.0,36,197.5,2,2,2022-03-02 09:11:54
1646212314142090000,197.0,1,197.0,35,197.5,2,2,2022-03-02 09:11:54
1646212315463438000,197.0,1,197.0,34,197.5,3,2,2022-03-02 09:11:55
1646212316270747000,197.0,1,197.0,33,197.5,3,2,2022-03-02 09:11:56
1646212319633301000,197.0,1,197.0,34,197.5,21,2,2022-03-02 09:11:59
1646212319664444000,197.0,1,197.0,33,197.5,21,2,2022-03-02 09:11:59
1646212320259614000,197.0,1,197.0,31,197.5,22,2,2022-03-02 09:12:00
1646212321650965000,197.0,2,197.0,30,197.5,31,2,2022-03-02 09:12:01
1646212323755668000,197.0,1,197.0,27,197.5,36,2,2022-03-02 09:12:03
1646212325841855000,197.0,1,197.0,27,197.5,40,2,2022-03-02 09:12:05
1646212325966759000,197.0,1,197.0,26,197.5,40,2,2022-03-02 09:12:05
1646212326012500000,197.0,1,197.0,25,197.5,40,2,2022-03-02 09:12:06
1646212326054663000,197.0,1,197.0,25,197.5,40,2,2022-03-02 09:12:06
1646212326161546000,197.0,2,197.0,23,197.5,40,2,2022-03-02 09:12:06
1646212326374311000,197.0,1,197.0,22,197.5,40,2,2022-03-02 09:12:06
1646212326920535000,197.0,2,197.0,23,197.5,38,2,2022-03-02 09:12:06
1646212327809685000,197.0,1,197.0,22,197.5,39,2,2022-03-02 09:12:07
1646212328082512000,197.0,1,197.0,21,197.5,39,2,2022-03-02 09:12:08
1646212330020665000,197.0,1,197.0,22,197.5,40,2,2022-03-02 09:12:10
1646212330745258000,197.0,1,197.0,20,197.5,40,2,2022-03-02 09:12:10
1646212330908715000,197.0,1,197.0,19,197.5,40,2,2022-03-02 09:12:10
1646212330946457000,197.0,1,197.0,18,197.5,40,2,2022-03-02 09:12:10
1646212331094669000,197.5,1,197.0,18,197.5,39,1,2022-03-02 09:12:11
1646212331222696000,197.0,1,197.0,17,197.5,39,2,2022-03-02 09:12:11
1646212331226482000,197.0,3,197.0,14,197.5,39,2,2022-03-02 09:12:11
1646212331274253000,197.0,1,197.0,13,197.5,39,2,2022-03-02 09:12:11
1646212331303603000,197.0,1,197.0,12,197.5,39,2,2022-03-02 09:12:11
1646212332039357000,197.0,1,197.0,11,197.5,39,2,2022-03-02 09:12:12
1646212332850289000,197.0,1,197.0,11,197.5,39,2,2022-03-02 09:12:12
1646212332899540000,197.0,1,197.0,10,197.5,39,2,2022-03-02 09:12:12
1646212333010946000,197.0,2,197.0,8,197.5,37,2,2022-03-02 09:12:13
1646212333117696000,197.0,1,197.0,7,197.5,37,2,2022-03-02 09:12:13
1646212333187896000,197.0,2,197.0,5,197.5,37,2,2022-03-02 09:12:13
1646212333643968000,197.0,1,197.0,5,197.5,38,2,2022-03-02 09:12:13
1646212334078424000,197.0,2,197.0,3,197.5,39,2,2022-03-02 09:12:14
1646212334199399000,197.0,1,197.0,2,197.5,38,2,2022-03-02 09:12:14
1646212334388273000,197.0,1,197.0,1,197.5,39,2,2022-03-02 09:12:14
1646212334446598000,197.0,1,196.5,58,197.5,39,2,2022-03-02 09:12:14
1646212334514715000,197.0,1,196.5,58,197.0,1,1,2022-03-02 09:12:14
1646212335733821000,197.0,5,196.5,58,197.0,3,1,2022-03-02 09:12:15
1646212335824849000,197.0,1,196.5,58,197.0,2,1,2022-03-02 09:12:15
1646212335862686000,197.0,2,196.5,58,197.5,39,1,2022-03-02 09:12:15
1646212335942627000,197.0,1,196.5,58,197.5,39,2,2022-03-02 09:12:15
1646212336443067000,197.0,1,197.0,2,197.5,39,1,2022-03-02 09:12:16
1646212336792223000,197.0,1,197.0,1,197.5,39,2,2022-03-02 09:12:16
1646212338838344000,197.0,1,197.0,11,197.5,41,2,2022-03-02 09:12:18
1646212338953848000,197.0,1,197.0,11,197.5,41,2,2022-03-02 09:12:18
1646212339083990000,197.0,10,197.0,6,197.5,31,2,2022-03-02 09:12:19
1646212339943013000,197.0,1,197.0,5,197.5,30,2,2022-03-02 09:12:19
1646212340046490000,197.0,5,196.5,58,197.0,5,2,2022-03-02 09:12:20
1646212340077736000,197.0,5,196.5,58,197.5,30,1,2022-03-02 09:12:20
1646212340390883000,197.0,1,196.5,58,197.0,1,2,2022-03-02 09:12:20
1646212340429561000,197.0,1,196.5,58,197.5,28,1,2022-03-02 09:12:20
1646212341002672000,197.0,1,196.5,58,197.0,2,1,2022-03-02 09:12:21
1646212341038004000,197.0,2,196.5,58,197.5,26,1,2022-03-02 09:12:21
1646212341065932000,196.5,1,196.5,57,197.5,26,2,2022-03-02 09:12:21
1646212341171827000,196.5,1,196.5,56,197.0,1,2,2022-03-02 09:12:21
1646212341387454000,196.5,1,196.5,55,197.0,1,2,2022-03-02 09:12:21
1646212341918817000,197.0,4,197.0,1,197.5,27,1,2022-03-02 09:12:21
1646212343121985000,197.0,1,197.0,1,197.5,27,2,2022-03-02 09:12:23
1646212343138744000,197.0,1,196.5,55,197.5,27,2,2022-03-02 09:12:23
1646212344232547000,197.0,5,196.5,55,197.0,1,1,2022-03-02 09:12:24
1646212344253842000,197.0,1,196.5,55,197.5,27,1,2022-03-02 09:12:24
1646212345396109000,197.0,1,196.5,55,197.0,1,1,2022-03-02 09:12:25
1646212345817411000,197.0,1,196.5,55,197.0,2,1,2022-03-02 09:12:25
1646212345853199000,197.0,2,196.5,55,197.5,27,1,2022-03-02 09:12:25
1646212346154081000,197.0,1,196.5,54,197.0,1,1,2022-03-02 09:12:26
1646212346187749000,196.5,1,196.5,53,197.0,1,2,2022-03-02 09:12:26
1646212346698600000,197.0,1,196.5,54,197.0,15,1,2022-03-02 09:12:26
1646212346952665000,197.0,1,196.5,54,197.0,14,1,2022-03-02 09:12:26
1646212348043069000,196.5,1,196.5,53,197.0,16,2,2022-03-02 09:12:28
1646212348321945000,196.5,9,196.5,44,197.0,16,2,2022-03-02 09:12:28
1646212349229128000,196.5,1,196.5,43,197.0,17,2,2022-03-02 09:12:29
1646212350767803000,196.5,1,196.5,44,197.0,24,2,2022-03-02 09:12:30
1646212350811931000,196.5,1,196.5,43,197.0,24,2,2022-03-02 09:12:30
1646212351924137000,196.5,2,196.5,41,197.0,25,2,2022-03-02 09:12:31
1646212351958379000,196.5,1,196.5,40,197.0,25,2,2022-03-02 09:12:31
1646212353599942000,196.5,1,196.5,42,197.0,42,2,2022-03-02 09:12:33
1646212354955461000,197.0,1,196.5,48,197.0,42,1,2022-03-02 09:12:34
1646212354978835000,197.0,20,196.5,48,197.0,22,1,2022-03-02 09:12:34
1646212355021268000,197.0,4,196.5,48,197.0,18,1,2022-03-02 09:12:35
1646212355474384000,197.0,1,196.5,48,197.0,17,1,2022-03-02 09:12:35
1646212355504203000,197.0,4,196.5,48,197.0,13,1,2022-03-02 09:12:35
1646212355534529000,197.0,12,196.5,48,197.0,1,1,2022-03-02 09:12:35
1646212355544891000,197.0,1,196.5,48,197.5,26,1,2022-03-02 09:12:35
1646212357733737000,197.0,1,197.0,7,197.5,23,2,2022-03-02 09:12:37
1646212358634301000,197.0,2,197.0,12,197.5,23,2,2022-03-02 09:12:38
1646212358872043000,197.0,1,197.0,11,197.5,23,2,2022-03-02 09:12:38
1646212358925542000,197.0,1,197.0,11,197.5,23,2,2022-03-02 09:12:38
1646212361111028000,197.0,2,197.0,12,197.5,23,2,2022-03-02 09:12:41
1646212362571549000,197.0,1,197.0,14,197.5,24,2,2022-03-02 09:12:42
1646212363383011000,197.0,3,197.0,11,197.5,24,2,2022-03-02 09:12:43
1646212363748776000,197.0,1,197.0,10,197.5,24,2,2022-03-02 09:12:43
1646212366008356000,197.0,1,197.0,11,197.5,27,2,2022-03-02 09:12:46
1646212366476249000,197.0,1,197.0,10,197.5,27,2,2022-03-02 09:12:46
1646212368267568000,197.0,1,197.0,13,197.5,28,2,2022-03-02 09:12:48
1646212368439353000,197.0,1,197.0,12,197.5,27,2,2022-03-02 09:12:48
1646212369803596000,197.0,1,197.0,11,197.5,28,2,2022-03-02 09:12:49
1646212370690321000,197.0,1,197.0,10,197.5,29,2,2022-03-02 09:12:50
1646212370790255000,197.0,1,197.0,9,197.5,29,2,2022-03-02 09:12:50
1646212370983786000,197.0,1,197.0,8,197.5,29,2,2022-03-02 09:12:50
1646212371710701000,197.0,2,197.0,11,197.5,29,2,2022-03-02 09:12:51
1646212373273858000,197.0,1,197.0,14,197.5,30,2,2022-03-02 09:12:53
1646212373497848000,197.0,1,197.0,13,197.5,30,2,2022-03-02 09:12:53
1646212373686970000,197.0,12,197.0,1,197.5,30,2,2022-03-02 09:12:53
1646212374725437000,197.5,1,197.0,2,197.5,29,1,2022-03-02 09:12:54
1646212376915337000,197.0,1,197.0,8,197.5,29,2,2022-03-02 09:12:56
1646212379567489000,197.0,1,197.0,12,197.5,31,2,2022-03-02 09:12:59
1646212383254829000,197.0,1,197.0,14,197.5,32,2,2022-03-02 09:13:03
1646212384185602000,197.0,16,196.5,58,197.0,2,2,2022-03-02 09:13:04
1646212384205299000,197.0,2,196.5,58,197.5,32,1,2022-03-02 09:13:04
1646212386531038000,197.0,1,196.5,58,197.5,32,2,2022-03-02 09:13:06
1646212386563552000,197.0,3,196.5,58,197.5,32,1,2022-03-02 09:13:06
1646212387412796000,197.0,1,197.0,1,197.5,32,2,2022-03-02 09:13:07
1646212389536319000,197.0,1,197.0,1,197.5,33,2,2022-03-02 09:13:09
1646212392076850000,197.0,4,197.0,14,197.5,33,2,2022-03-02 09:13:12
1646212392358302000,197.0,2,197.0,13,197.5,35,2,2022-03-02 09:13:12
1646212393982946000,197.0,2,197.0,15,197.5,36,2,2022-03-02 09:13:13
1646212394688663000,197.0,1,197.0,14,197.5,36,2,2022-03-02 09:13:14
1646212394806808000,197.0,10,197.0,4,197.5,36,2,2022-03-02 09:13:14
1646212396377315000,197.0,1,197.0,5,197.5,36,2,2022-03-02 09:13:16
1646212397139772000,197.0,1,197.0,5,197.5,36,2,2022-03-02 09:13:17
1646212397450135000,197.0,1,197.0,4,197.5,36,2,2022-03-02 09:13:17
1646212398791201000,197.0,1,197.0,3,197.5,38,2,2022-03-02 09:13:18
1646212399546164000,197.0,1,197.0,2,197.5,38,2,2022-03-02 09:13:19
1646212399644696000,197.5,1,197.0,2,197.5,37,1,2022-03-02 09:13:19
1646212400260225000,197.0,2,196.5,73,197.0,1,2,2022-03-02 09:13:20
1646212400425262000,197.0,1,197.0,1,197.5,37,1,2022-03-02 09:13:20
1646212401041791000,197.0,1,196.5,73,197.0,8,2,2022-03-02 09:13:21
1646212401852675000,197.0,1,196.5,73,197.0,8,1,2022-03-02 09:13:21
1646212402170175000,196.5,2,196.5,71,197.0,8,2,2022-03-02 09:13:22
1646212406049210000,196.5,2,196.5,70,197.0,8,2,2022-03-02 09:13:26
1646212406089113000,196.5,1,196.5,69,197.0,9,2,2022-03-02 09:13:26
1646212414346294000,197.0,2,196.5,75,197.0,23,1,2022-03-02 09:13:34
1646212415990956000,196.5,1,196.5,77,197.0,23,2,2022-03-02 09:13:35
1646212417137780000,197.0,5,196.5,77,197.0,18,1,2022-03-02 09:13:37
1646212418481022000,197.0,5,196.5,77,197.0,16,1,2022-03-02 09:13:38
1646212418509596000,197.0,8,196.5,77,197.0,8,1,2022-03-02 09:13:38
1646212418540546000,197.0,8,196.5,77,197.5,43,1,2022-03-02 09:13:38
1646212419737871000,197.0,1,197.0,4,197.5,43,2,2022-03-02 09:13:39
1646212419953913000,197.0,1,197.0,5,197.5,44,2,2022-03-02 09:13:39
1646212420531259000,197.0,1,197.0,5,197.5,44,2,2022-03-02 09:13:40
1646212423460985000,197.0,1,197.0,7,197.5,44,2,2022-03-02 09:13:43
1646212424182569000,197.0,1,197.0,16,197.5,44,2,2022-03-02 09:13:44
1646212426948225000,197.5,1,197.0,33,197.5,43,1,2022-03-02 09:13:46
1646212427675077000,197.0,1,197.0,32,197.5,43,2,2022-03-02 09:13:47
1646212428678326000,197.0,1,197.0,32,197.5,44,2,2022-03-02 09:13:48
1646212430009939000,197.0,30,197.0,2,197.5,44,2,2022-03-02 09:13:50
1646212432410706000,197.0,1,197.0,2,197.5,43,2,2022-03-02 09:13:52
1646212435035582000,197.0,1,197.0,3,197.5,45,2,2022-03-02 09:13:55
1646212435066297000,197.0,1,197.0,2,197.5,45,2,2022-03-02 09:13:55
1646212435730783000,197.0,2,197.0,1,197.5,46,2,2022-03-02 09:13:55
1646212436055604000,197.0,1,196.5,77,197.5,46,2,2022-03-02 09:13:56
1646212437947153000,197.0,1,197.0,4,197.5,47,2,2022-03-02 09:13:57
1646212438084245000,197.0,1,197.0,3,197.5,47,2,2022-03-02 09:13:58
1646212439127471000,197.0,2,197.0,3,197.5,49,2,2022-03-02 09:13:59
1646212440990229000,197.0,1,197.0,3,197.5,49,2,2022-03-02 09:14:00
1646212441007646000,197.0,1,197.0,2,197.5,49,2,2022-03-02 09:14:01
1646212441840972000,197.0,1,197.0,1,197.5,50,2,2022-03-02 09:14:01
1646212442533029000,197.0,1,196.5,77,197.0,4,2,2022-03-02 09:14:02
1646212443876356000,197.0,1,196.5,77,197.0,8,1,2022-03-02 09:14:03
1646212444675233000,197.0,1,196.5,77,197.0,7,1,2022-03-02 09:14:04
1646212446574512000,196.5,1,196.5,76,197.0,7,2,2022-03-02 09:14:06
1646212451599973000,196.5,1,196.5,75,197.0,10,2,2022-03-02 09:14:11
1646212451639373000,196.5,1,196.5,74,197.0,10,2,2022-03-02 09:14:11
1646212452513558000,196.5,1,196.5,73,197.0,11,2,2022-03-02 09:14:12
1646212453734828000,197.0,1,196.5,74,197.0,12,1,2022-03-02 09:14:13
1646212457049448000,196.5,1,196.5,73,197.0,11,2,2022-03-02 09:14:17
1646212461312585000,197.0,1,196.5,78,197.0,14,1,2022-03-02 09:14:21
1646212461832387000,197.0,1,196.5,78,197.0,14,1,2022-03-02 09:14:21
1646212462214980000,196.5,1,196.5,78,197.0,14,2,2022-03-02 09:14:22
1646212464520325000,196.5,1,196.5,84,197.0,15,2,2022-03-02 09:14:24
1646212465088744000,197.0,1,196.5,84,197.0,15,1,2022-03-02 09:14:25
1646212467959395000,197.0,1,196.5,86,197.0,14,1,2022-03-02 09:14:27
1646212468345661000,196.5,1,196.5,85,197.0,14,2,2022-03-02 09:14:28
1646212468380704000,196.5,1,196.5,84,197.0,14,2,2022-03-02 09:14:28
1646212468383777000,196.5,1,196.5,83,197.0,14,2,2022-03-02 09:14:28
1646212469590332000,196.5,3,196.5,81,197.0,17,2,2022-03-02 09:14:29
1646212469610866000,197.0,1,196.5,81,197.0,16,1,2022-03-02 09:14:29
1646212470768480000,197.0,5,196.5,81,197.0,11,1,2022-03-02 09:14:30
1646212472660490000,196.5,1,196.5,81,197.0,12,2,2022-03-02 09:14:32
1646212473074039000,197.0,1,196.5,81,197.0,13,1,2022-03-02 09:14:33
1646212473322989000,197.0,1,196.5,81,197.0,12,1,2022-03-02 09:14:33
1646212474131866000,197.0,1,196.5,81,197.0,12,1,2022-03-02 09:14:34
1646212474149784000,196.5,3,196.5,78,197.0,12,2,2022-03-02 09:14:34
1646212476171269000,196.5,1,196.5,77,197.0,15,2,2022-03-02 09:14:36
1646212477610214000,197.0,1,196.5,79,197.0,14,1,2022-03-02 09:14:37
1646212478219713000,196.5,1,196.5,78,197.0,13,2,2022-03-02 09:14:38
1646212482423116000,197.0,1,196.5,76,197.0,26,1,2022-03-02 09:14:42
1646212489417835000,197.0,1,196.5,73,197.0,33,1,2022-03-02 09:14:49
1646212491000997000,196.5,1,196.5,72,197.0,32,2,2022-03-02 09:14:51
1646212491041622000,197.0,5,196.5,72,197.0,27,1,2022-03-02 09:14:51
1646212491342247000,197.0,1,196.5,73,197.0,27,1,2022-03-02 09:14:51
1646212491825381000,197.0,5,196.5,73,197.0,22,1,2022-03-02 09:14:51
1646212493442014000,197.0,1,196.5,74,197.0,21,1,2022-03-02 09:14:53
1646212493466381000,197.0,5,196.5,74,197.0,16,1,2022-03-02 09:14:53
1646212495337456000,197.0,1,196.5,75,197.0,16,1,2022-03-02 09:14:55
1646212495976413000,197.0,1,196.5,75,197.0,15,1,2022-03-02 09:14:55
1646212496834476000,197.0,1,196.5,74,197.0,14,1,2022-03-02 09:14:56
1646212498366303000,197.0,1,196.5,76,197.0,14,1,2022-03-02 09:14:58
1646212498548946000,197.0,1,196.5,76,197.0,13,1,2022-03-02 09:14:58
1646212498616128000,197.0,1,196.5,76,197.0,12,1,2022-03-02 09:14:58
1646212499535458000,197.0,2,196.5,76,197.0,11,1,2022-03-02 09:14:59
1646212499798401000,197.0,5,196.5,76,197.0,7,1,2022-03-02 09:14:59
1646212500469002000,197.0,7,197.0,3,197.5,47,1,2022-03-02 09:15:00
1646212500772960000,197.0,1,197.0,8,197.5,48,2,2022-03-02 09:15:00
1646212500787607000,197.0,1,197.0,7,197.5,48,2,2022-03-02 09:15:00
1646212500859119000,197.0,3,197.0,4,197.5,48,2,2022-03-02 09:15:00
1646212500873960000,197.0,2,197.0,2,197.5,48,2,2022-03-02 09:15:00
1646212503892369000,197.0,1,197.0,12,197.5,47,2,2022-03-02 09:15:03
1646212507725971000,197.0,3,197.0,13,197.5,47,2,2022-03-02 09:15:07
1646212507895037000,197.5,1,197.0,13,197.5,46,1,2022-03-02 09:15:07
1646212508492282000,197.0,1,197.0,12,197.5,46,2,2022-03-02 09:15:08
1646212508954259000,197.0,1,197.0,15,197.5,46,2,2022-03-02 09:15:08
1646212511305567000,197.0,1,197.0,14,197.5,46,2,2022-03-02 09:15:11
1646212511324294000,197.0,14,196.5,79,197.5,46,2,2022-03-02 09:15:11
1646212515307751000,197.0,1,196.5,79,197.0,4,1,2022-03-02 09:15:15
1646212521669396000,197.0,1,196.5,81,197.0,8,1,2022-03-02 09:15:21
1646212523131978000,197.0,1,196.5,81,197.0,9,1,2022-03-02 09:15:23
1646212523856521000,197.0,1,196.5,84,197.0,9,1,2022-03-02 09:15:23
1646212525033741000,197.0,10,196.5,74,197.5,49,1,2022-03-02 09:15:25
1646212525766974000,197.0,1,196.5,74,197.5,49,2,2022-03-02 09:15:25
1646212529211491000,197.0,1,196.5,94,197.5,50,1,2022-03-02 09:15:29
1646212529275021000,197.0,1,196.5,94,197.5,49,2,2022-03-02 09:15:29
1646212529369057000,197.0,1,196.5,94,197.5,49,2,2022-03-02 09:15:29
1646212529772830000,197.0,1,196.5,94,197.5,49,2,2022-03-02 09:15:29
1646212535722019000,197.0,1,196.5,96,197.5,50,1,2022-03-02 09:15:35
1646212537805598000,196.5,1,196.5,95,197.0,4,2,2022-03-02 09:15:37
1646212542430871000,197.0,1,196.5,97,197.0,5,1,2022-03-02 09:15:42
1646212544898652000,197.0,1,196.5,99,197.0,6,1,2022-03-02 09:15:44
1646212544909034000,197.0,5,196.5,99,197.0,1,1,2022-03-02 09:15:44
1646212545164070000,197.0,1,196.5,99,197.5,51,1,2022-03-02 09:15:45
1646212545490431000,197.0,5,196.5,99,197.5,51,2,2022-03-02 09:15:45
1646212546643127000,197.0,1,197.0,1,197.5,51,2,2022-03-02 09:15:46
1646212546672659000,197.0,1,196.5,109,197.5,51,2,2022-03-02 09:15:46
1646212547214195000,197.0,1,196.5,109,197.5,51,2,2022-03-02 09:15:47
1646212550416399000,197.0,1,196.5,109,197.0,1,1,2022-03-02 09:15:50
1646212552482791000,197.0,1,196.5,110,197.0,1,1,2022-03-02 09:15:52
1646212552989401000,196.5,1,196.5,109,197.0,1,2,2022-03-02 09:15:52
1646212553285447000,197.0,1,196.5,109,197.5,52,1,2022-03-02 09:15:53
1646212555642205000,197.0,5,196.5,109,197.5,48,1,2022-03-02 09:15:55
1646212559251512000,197.0,2,196.5,110,197.0,1,1,2022-03-02 09:15:59
1646212560551291000,197.0,1,196.5,109,197.0,5,1,2022-03-02 09:16:00
1646212560654652000,197.0,1,196.5,109,197.0,4,1,2022-03-02 09:16:00
1646212561953217000,197.0,1,196.5,109,197.0,10,1,2022-03-02 09:16:01
1646212565401834000,197.0,1,196.5,113,197.0,12,1,2022-03-02 09:16:05
1646212565716342000,197.0,1,196.5,113,197.0,11,1,2022-03-02 09:16:05
